@article{abdollahipour2008-meta,
  title={The effects of attentional focus strategies on the performance and learning of soccer-dribbling task in children and adolescences},
  author={Abdollahipour, R and Bahram, A and Shafizadeh, M and Khalaji, H},
  journal={Journal of Movement Sciences and Sports},
  volume={1},
  pages={83--92},
  year={2008},
}
@article{abdollahipour2020-meta,
  title={External relative to internal attentional focus enhances motor performance and learning in visually impaired individuals},
  author={Abdollahipour, Reza and Land, William M and Cereser, Ana and Chiviacowsky, Suzete},
  journal={Disability and Rehabilitation},
  volume={42},
  number={18},
  pages={2621--2630},
  year={2020},
  publisher={Taylor \& Francis},
}
@article{abdollahipour2017-meta,
  title={Is an external focus of attention more beneficial than an internal focus to ball catching in children?},
  author={Abdollahipour, Reza and Psotta, Rudolf},
  journal={Kinesiology},
  volume={49},
  number={2.},
  pages={235--241},
  year={2017},
  publisher={Kineziolo{\v{s}}ki fakultet},
}
@article{abdollahipour2016-meta,
  title={The influence of attentional focus instructions and vision on jump height performance},
  author={Abdollahipour, Reza and Psotta, Rudolf and Land, William M},
  journal={Research Quarterly for Exercise and Sport},
  volume={87},
  number={4},
  pages={408--413},
  year={2016},
  publisher={Taylor \& Francis},
}
@article{abdollahipour2014-meta,
  title={Effects of attentional focus instructions on the learning of a target task: A moderation role of visual feedback},
  author={Abdollahipour, Reza and Psotta, Rudolf and Palomo Nieto, Miriam and Rouzbahani, Mahboobeh and Nikdast, Hourieh and Bahram, Abbas},
  journal={Kinesiology},
  volume={46},
  number={2},
  pages={210--217},
  year={2014},
  publisher={Kineziolo{\v{s}}ki fakultet},
}
@article{abdollahipour2015-meta,
  title={Performance of gymnastics skill benefits from an external focus of attention},
  author={Abdollahipour, Reza and Wulf, Gabriele and Psotta, Rudolf and Palomo Nieto, Miriam},
  journal={Journal of Sports Sciences},
  volume={33},
  number={17},
  pages={1807--1813},
  year={2015},
  publisher={Taylor \& Francis},
}
@article{agar2016-meta,
  title={Does varying attentional focus affect skill acquisition in children? A comparison of internal and external focus instructions and feedback},
  author={Agar, Charles and Humphries, Charlotte A and Naquin, Millie and Hebert, Edward and Wood, Ralph},
  journal={Physical Educator},
  volume={73},
  number={4},
  pages={639--651},
  year={2016},
  publisher={Sagamore Publishing LLC},
}
@article{ahmad2013-meta,
  title={The Effects of External and Internal Focus of Attention on Upper Volleyball Serve},
  author={Azzam Ahmad and Ahmed Fadhil and Hazar Shakir},
  journal={International Journal of Advanced Sport Sciences Research},
  year={2013},
  volume={1},
  pages={155--163},
}
@article{asadi2015-meta,
  title={Effect of various attentional focus instructions on novice javelin throwing skill performance},
  author={Asadi, A and Abdoli, B and Farsi, A and Saemi, E},
  journal={Medicina Dello Sport},
  volume={68},
  number={1},
  pages={99--107},
  year={2015},
}
@article{ashraf2017-meta,
  title={The effect of attentional focus strategies on children performance and their EMG activities in maximum a force production task},
  author={Ashraf, Ramin and Aghdasi, Mohammad Taghi and Sayyah, Mansor},
  journal={Turkish Journal of Kinesiology},
  volume={3},
  number={2},
  pages={26--30},
  year={2017},
  publisher={Nurtekin ERKMEN},
}
@article{beck2017-meta,
  title={Dopa-responsive balance changes depend on use of internal versus external attentional focus in Parkinson disease},
  author={Beck, Eric N and Almeida, Quincy J},
  journal={Physical Therapy},
  volume={97},
  number={2},
  pages={208--216},
  year={2017},
  publisher={Oxford University Press},
}
@article{beck2018can,
  title={Can dual task walking improve in Parkinsonâ€™s disease after external focus of attention exercise? A single blind randomized controlled trial},
  author={Beck, Eric N and Intzandt, Brittany N and Almeida, Quincy J},
  journal={Neurorehabilitation and Neural Repair},
  volume={32},
  number={1},
  pages={18--33},
  year={2018},
  publisher={Sage Publications Sage CA: Los Angeles, CA},
}
@article{becker2013-meta,
  title={Age, task complexity, and sex as potential moderators of attentional focus effects},
  author={Becker, Kevin and Smith, Peter JK},
  journal={Perceptual and Motor Skills},
  volume={117},
  number={1},
  pages={130--144},
  year={2013},
  publisher={SAGE Publications Sage CA: Los Angeles, CA},
}
@article{brocken2016-meta,
  title={Focus of attention in children's motor learning: Examining the role of age and working memory},
  author={Brocken, JEA and Kal, EC and Van der Kamp, J},
  journal={Journal of Motor Behavior},
  volume={48},
  number={6},
  pages={527--534},
  year={2016},
  publisher={Taylor \& Francis},
}
@article{chiviacowsky2013-meta,
  title={An external focus of attention enhances motor learning in children with intellectual disabilities},
  author={Chiviacowsky, S and Wulf, G and {\'A}vila, LTG},
  journal={Journal of Intellectual Disability Research},
  volume={57},
  number={7},
  pages={627--634},
  year={2013},
  publisher={Wiley Online Library},
}
@article{chiviacowsky2010-meta,
  title={An external focus of attention enhances balance learning in older adults},
  author={Chiviacowsky, Suzete and Wulf, Gabriele and Wally, Raquel},
  journal={Gait \& Posture},
  volume={32},
  number={4},
  pages={572--575},
  year={2010},
  publisher={Elsevier},
}
@article{chow2014-meta,
  title={Effects of external and internal attention focus training on foot-strike patterns in running},
  author={Chow, Jia Yi and Woo, Mei Teng and Koh, Michael},
  journal={International Journal of Sports Science \& Coaching},
  volume={9},
  number={2},
  pages={307--320},
  year={2014},
  publisher={SAGE Publications Sage UK: London, England},
}
@article{christina2014-meta,
  title={Influence of Attentional Focus on Learning a Swing Path Change.},
  author={Christina, Bob and Alpenfels, Eric},
  journal={International Journal of Golf Science},
  volume={3},
  number={1},
  pages={35--49},
  year={2014},
}
@article{coker2016-meta,
  title={Optimizing external focus of attention instructions: The role of attainability},
  author={Coker, Cheryl},
  journal={Journal of Motor Learning and Development},
  volume={4},
  number={1},
  pages={116--125},
  year={2016},
  publisher={Human Kinetics, Inc.},
}
@article{coker2018-meta,
  title={Kinematic effects of varying adolescents' attentional instructions for standing long jump},
  author={Coker, Cheryl},
  journal={Perceptual and Motor Skills},
  volume={125},
  number={6},
  pages={1093--1102},
  year={2018},
  publisher={Sage Publications Sage CA: Los Angeles, CA},
}
@article{teixeira2017-meta,
  title={External focus of attention enhances children's learning of a classical ballet pirouette},
  author={Teixeira da Silva, Mariana and Thofehrn Lessa, Helena and Chiviacowsky, Suzete},
  journal={Journal of Dance Medicine \& Science},
  volume={21},
  number={4},
  pages={179--184},
  year={2017},
  publisher={J. Michael Ryan Publishing Inc.},
}
@article{de2017-meta,
  title={Influence of focus of attention, reinvestment and fall history on elderly gait stability},
  author={{de Melker Worms}, Jonathan LA and Stins, John F and van Wegen, Erwin EH and Loram, Ian D and Beek, Peter J},
  journal={Physiological Reports},
  volume={5},
  number={1},
  pages={e13061},
  year={2017},
  publisher={Wiley Online Library},
}
@article{diekfuss2018-meta,
  title={An external focus of attention is effective for balance control when sleep-deprived},
  author={Diekfuss, Jed A and Janssen, James A and Slutsky, Alexis B and Berry, Nathaniel T and Etnier, Jennifer L and Wideman, Laurie and Raisbeck, Louisa D},
  journal={International Journal of Exercise Science},
  volume={11},
  number={5},
  pages={84},
  year={2018},
  publisher={Western Kentucky University},
}
@article{ducharme2015-meta,
  title={An external focus of attention improves stability after a perturbation during a dynamic balance task},
  author={Ducharme, Scott W and Wu, Will FW},
  journal={Journal of Motor Learning and Development},
  volume={3},
  number={2},
  pages={74--90},
  year={2015},
  publisher={Human Kinetics, Inc.},
}
@article{ducharme2016-meta,
  title={Standing long jump performance with an external focus of attention is improved as a result of a more effective projection angle},
  author={Ducharme, Scott W and Wu, Will FW and Lim, Kenny and Porter, Jared M and Geraldo, Fransini},
  journal={The Journal of Strength \& Conditioning Research},
  volume={30},
  number={1},
  pages={276--281},
  year={2016},
  publisher={LWW},
}
@article{duke2011-meta,
  title={Focus of attention affects performance of motor skills in music},
  author={Duke, Robert A and Cash, Carla Davis and Allen, Sarah E},
  journal={Journal of Research in Music Education},
  volume={59},
  number={1},
  pages={44--55},
  year={2011},
  publisher={Sage Publications Sage CA: Los Angeles, CA},
}
@article{durham2014-meta,
  title={Attentional focus of feedback for improving performance of reach-to-grasp after stroke: a randomised crossover study},
  author={Durham, KF and Sackley, CM and Wright, CC and Wing, AM and Edwards, MG and Van Vliet, P},
  journal={Physiotherapy},
  volume={100},
  number={2},
  pages={108--115},
  year={2014},
  publisher={Elsevier},
}
@article{emanuel2008-meta,
  title={Effect of focus of attention and age on motor acquisition, retention, and transfer: a randomized trial},
  author={Emanuel, Michal and Jarus, Tal and Bart, Orit},
  journal={Physical Therapy},
  volume={88},
  number={2},
  pages={251--260},
  year={2008},
  publisher={Oxford University Press},
}
@article{fasoli2002-meta,
  title={Effect of instructions on functional reach in persons with and without cerebrovascular accident},
  author={Fasoli, Susan E and Trombly, Catherine A and Tickle-Degnen, Linda and Verfaellie, Mieke H},
  journal={The American Journal of Occupational Therapy},
  volume={56},
  number={4},
  pages={380--390},
  year={2002},
  publisher={The American Occupational Therapy Association, Inc.},
}
@article{flores2015-meta,
  title={Benefits of external focus instructions on the learning of a balance task in children of different ages},
  author={Flores, F{\'a}bio Saraiva and Schild, Jose Francisco Gomes and Chiviacowsky, Suzete},
  journal={International Journal of Sport Psychology},
  volume={46},
  number={4},
  pages={311--320},
  year={2015},
  publisher={Edizioni Luigi Pozzi},
}
@article{freudenheim2010-meta,
  title={An external focus of attention results in greater swimming speed},
  author={Freudenheim, Andrea Michele and Wulf, Gabriele and Madureira, Fabr{\'\i}cio and Pasetto, Silmara Cristina and Corr{\v{e}}a, Umberto C{\'e}sar},
  journal={International Journal of Sports Science \& Coaching},
  volume={5},
  number={4},
  pages={533--542},
  year={2010},
  publisher={SAGE Publications Sage UK: London, England},
}
@article{gredin2016-meta,
  title={The relative effectiveness of various instructional approaches during the performance and learning of motor skills},
  author={Gredin, Viktor and Williams, A Mark},
  journal={Journal of Motor Behavior},
  volume={48},
  number={1},
  pages={86--97},
  year={2016},
  publisher={Taylor \& Francis},
}
@article{greig2014-meta,
  title={Speed dependant influence of attentional focusing instructions on force production and muscular activity during isokinetic elbow flexions},
  author={Greig, Matt and Marchant, David},
  journal={Human Movement Science},
  volume={33},
  pages={135--148},
  year={2014},
  publisher={Elsevier},
}
@article{hadler2014-meta,
  title={Children's learning of tennis skills is facilitated by external focus instructions},
  author={Hadler, Ricardo and Chiviacowsky, Suzete and Wulf, Gabriele and Schild, Jos{\'e} Francisco Gomes},
  journal={Motriz: Revista de Educa{\c{c}}{\~a}o F{\'i}sica},
  volume={20},
  pages={418--422},
  year={2014},
  publisher={SciELO Brasil},
}
@article{halperin2017-meta,
  title={The effects of attentional focus instructions on punching velocity and impact forces among trained combat athletes},
  author={Halperin, Israel and Chapman, Dale W and Martin, David T and Abbiss, Chris},
  journal={Journal of Sports Sciences},
  volume={35},
  number={5},
  pages={500--507},
  year={2017},
  publisher={Taylor \& Francis},
}
@article{halperin2016-meta,
  title={The effects of either a mirror, internal or external focus instructions on single and multi-joint tasks},
  author={Halperin, Israel and Hughes, Steven and Panchuk, Derek and Abbiss, Chris and Chapman, Dale W},
  journal={PLoS One},
  volume={11},
  number={11},
  pages={e0166799},
  year={2016},
  publisher={Public Library of Science San Francisco, CA USA},
}
@article{halperin2016b-meta,
  title={The effects of attentional focusing instructions on force production during the isometric midthigh pull},
  author={Halperin, Israel and Williams, Kym J and Martin, David T and Chapman, Dale W},
  journal={The Journal of Strength \& Conditioning Research},
  volume={30},
  number={4},
  pages={919--923},
  year={2016},
  publisher={LWW},
}
@article{hebert2017-meta,
  title={Effects of three types of attentional focus on standing long jump performance},
  author={Hebert, Edward P and Williams, Brian M},
  journal={Journal of Sport Behavior},
  volume={40},
  number={2},
  pages={156--170},
  year={2017},
  publisher={University of South Alabama},
}
@article{hill2017-meta,
  title={Further evidence for an external focus of attention in running: Looking at specific focus instructions and individual differences},
  author={Hill, Antje and Sch{\"u}cker, Linda and Hagemann, Norbert and Strau{\ss}, Bernd},
  journal={Journal of Sport and Exercise Psychology},
  volume={39},
  number={5},
  pages={352--365},
  year={2017},
  publisher={Human Kinetics},
}
@article{hosseiny2014c-meta,
  title={Comparing the effects of internal, external and prefer focus of attention on the elite shootersâ€™ performance},
  author={Hosseiny, Sayyed Hossein and Ghasemi, Abdolah and Shakeri, Nader},
  journal={Advances in Environmental Biology},
  volume={8},
  number={5},
  pages={1245--1250},
  year={2014},
  publisher={Citeseer},
}
@article{huang2014-meta,
  title={Neural basis of postural focus effect on concurrent postural and motor tasks: phase-locked electroencephalogram responses},
  author={Huang, Cheng-Ya and Zhao, Chen-Guang and Hwang, Shiou},
  journal={Behavioural Brain Research},
  volume={274},
  pages={95--107},
  year={2014},
  publisher={Elsevier},
}
@article{ille2013-meta,
  title={Attentional focus effects on sprint start performance as a function of skill level},
  author={Ille, Anne and Selin, Ingrid and Do, Manh-Cuong and Thon, Bernard},
  journal={Journal of Sports Sciences},
  volume={31},
  number={15},
  pages={1705--1712},
  year={2013},
  publisher={Taylor \& Francis},
}
@article{jackson2011-meta,
  title={The effects of focus of attention and task objective consistency on learning a balancing task},
  author={Jackson, Brian H and Holmes, Amanda M},
  journal={Research Quarterly for Exercise and Sport},
  volume={82},
  number={3},
  pages={574},
  year={2011},
  publisher={Taylor \& Francis Ltd.},
}
@article{jazaeri2018-meta,
  title={The effects of anxiety and external attentional focus on postural control in patients with Parkinson's disease},
  author={Jazaeri, Seyede Zohreh and Azad, Akram and Mehdizadeh, Hajar and Habibi, Seyed Amirhassan and Mandehgary Najafabadi, Mahbubeh and Saberi, Zakieh Sadat and Rahimzadegan, Hawre and Moradi, Saeed and Behzadipour, Saeed and Parnianpour, Mohamad and others},
  journal={PLoS One},
  volume={13},
  number={2},
  pages={e0192168},
  year={2018},
  publisher={Public Library of Science San Francisco, CA USA},
}
@article{kal2013-meta,
  title={External attentional focus enhances movement automatization: A comprehensive test of the constrained action hypothesis},
  author={Kal, EC and Van der Kamp, J and Houdijk, Han},
  journal={Human Movement Science},
  volume={32},
  number={4},
  pages={527--539},
  year={2013},
  publisher={Elsevier},
}
@article{kalkhoran2014-meta,
  title={The effect of attentional-focus instruction on peripheral transfer from dominant hand to non-dominant hand and vice versa in basketball dribbling},
  author={Kalkhoran, Jamal and Shariati, Amir and others},
  journal={Pamukkale Journal of Sport Sciences},
  volume={5},
  number={2},
  year={2014},
}
@article{kearney2015-meta,
  title={A distal focus of attention leads to superior performance on a golf putting task},
  author={Kearney, Philip E},
  journal={International Journal of Sport and Exercise Psychology},
  volume={13},
  number={4},
  pages={371--381},
  year={2015},
  publisher={Taylor \& Francis},
}
@article{kim2017-meta,
  title={Randomized trial on the effects of attentional focus on motor training of the upper extremity using robotics with individuals after chronic stroke},
  author={Kim, Grace J and Hinojosa, Jim and Rao, Ashwini K and Batavia, Mitchell and O'Dell, Michael W},
  journal={Archives of Physical Medicine and Rehabilitation},
  volume={98},
  number={10},
  pages={1924--1931},
  year={2017},
  publisher={Elsevier},
}
@article{klostermann2014-meta,
  title={On the interaction of attentional focus and gaze: the quiet eye inhibits focus-related performance decrements},
  author={Klostermann, Andr{\'e} and Kredel, Ralf and Hossner, Ernst-Joachim},
  journal={Journal of Sport and Exercise Psychology},
  volume={36},
  number={4},
  pages={392--400},
  year={2014},
  publisher={Human Kinetics, Inc.},
}
@article{koufou2013-meta,
  title={The impacts of external focus of attention on elementary school children during physical education classes},
  author={Koufou, Nerantzoula and Avgerinos, Andreas G and Michalopoulou, Maria},
  journal={The Cyprus Journal of Sciences},
  volume={11},
  pages={21},
  year={2013},
  publisher={Americanos College},
}
@article{kuhn2018-meta,
  title={Surround inhibition can instantly be modulated by changing the attentional focus},
  author={Kuhn, Yves-Alain and Keller, Martin and Lauber, Benedikt and Taube, Wolfgang},
  journal={Scientific Reports},
  volume={8},
  number={1},
  pages={1085},
  year={2018},
  publisher={Nature Publishing Group UK London},
}
@article{kuhn2017-meta,
  title={Adopting an external focus of attention alters intracortical inhibition within the primary motor cortex},
  author={Kuhn, Y-A and Keller, Martin and Ruffieux, Jan and Taube, Wolfgang},
  journal={Acta Physiologica},
  volume={220},
  number={2},
  pages={289--299},
  year={2017},
  publisher={Wiley Online Library},
}
@article{land2014-meta,
  title={The influence of attentional focus on the development of skill representation in a complex action},
  author={Land, William M and Frank, Cornelia and Schack, Thomas},
  journal={Psychology of Sport and Exercise},
  volume={15},
  number={1},
  pages={30--38},
  year={2014},
  publisher={Elsevier},
}
@article{landers2016-meta,
  title={Does attentional focus during balance training in people with Parkinsonâ€™s disease affect outcome? A randomised controlled clinical trial},
  author={Landers, Merrill R and Hatlevig, Rebecca M and Davis, Alyssa D and Richards, Amanda R and Rosenlof, Leslee E},
  journal={Clinical Rehabilitation},
  volume={30},
  number={1},
  pages={53--63},
  year={2016},
  publisher={Sage Publications Sage UK: London, England},
}
@article{landers2005-meta,
  title={An external focus of attention attenuates balance impairment in patients with Parkinson's disease who have a fall history},
  author={Landers, Merrill and Wulf, Gabriele and Wallmann, Harvey and Guadagnoli, Mark},
  journal={Physiotherapy},
  volume={91},
  number={3},
  pages={152--158},
  year={2005},
  publisher={Elsevier},
}
@article{laufer2007-meta,
  title={Effect of attention focus on acquisition and retention of postural control following ankle sprain},
  author={Laufer, Yocheved and Rotem-Lehrer, Nirit and Ronen, Zohar and Khayutin, Giora and Rozenberg, Ilanit},
  journal={Archives of Physical Medicine and Rehabilitation},
  volume={88},
  number={1},
  pages={105--108},
  year={2007},
  publisher={Elsevier},
}
@article{lawrence2011-meta,
  title={Internal and external focus of attention in a novice form sport},
  author={Lawrence, Gavin P and Gottwald, Vicky M and Hardy, James and Khan, Michael A},
  journal={Research Quarterly for Exercise and Sport},
  volume={82},
  number={3},
  pages={431--441},
  year={2011},
  publisher={Taylor \& Francis Group},
}
@article{lisman2013-meta,
  title={Focus of attention and speech motor performance},
  author={Lisman, Amanda L and Sadagopan, Neeraja},
  journal={Journal of Communication Disorders},
  volume={46},
  number={3},
  pages={281--293},
  year={2013},
  publisher={Elsevier},
}
@article{lohse2014-meta,
  title={The role of attention in motor control.},
  author={Lohse, Keith R and Jones, Matt and Healy, Alice F and Sherwood, David E},
  journal={Journal of Experimental Psychology: General},
  volume={143},
  number={2},
  pages={930},
  year={2014},
  publisher={American Psychological Association},
}
@article{lohse2011-meta,
  title={Defining the focus of attention: Effects of attention on perceived exertion and fatigue},
  author={Lohse, Keith R and Sherwood, David E},
  journal={Frontiers in Psychology},
  volume={2},
  pages={332},
  year={2011},
  publisher={Frontiers Research Foundation},
}
@article{lohse2012-meta,
  title={Thinking about muscles: The neuromuscular effects of attentional focus on accuracy and fatigue},
  author={Lohse, Keith R and Sherwood, David E},
  journal={Acta Psychologica},
  volume={140},
  number={3},
  pages={236--245},
  year={2012},
  publisher={Elsevier},
}
@article{lohse2010-meta,
  title={How changing the focus of attention affects performance, kinematics, and electromyography in dart throwing},
  author={Lohse, Keith R and Sherwood, David E and Healy, Alice F},
  journal={Human Movement Science},
  volume={29},
  number={4},
  pages={542--555},
  year={2010},
  publisher={Elsevier},
}
@article{lohse2011b-meta,
  title={Neuromuscular effects of shifting the focus of attention in a simple force production task},
  author={Lohse, Keith R and Sherwood, David E and Healy, Alice F},
  journal={Journal of Motor Behavior},
  volume={43},
  number={2},
  pages={173--184},
  year={2011},
  publisher={Taylor \& Francis},
}
@article{makaruk2012-meta,
  title={The role of attentional focus in plyometric training},
  author={Makaruk, H and Porter, JM and Czaplicki, A and Sadowski, J and Sacewicz, T},
  journal={The Journal of Sports Medicine and Physical Fitness},
  volume={52},
  number={3},
  pages={319--327},
  year={2012},
}
@article{makaruk2015-meta,
  title={Effects of attentional focusing strategies on muscular power in older women},
  author={Makaruk, Hubert and Porter, Jared M and D{\l}ugo{\l}{\k{e}}cka, Barbara and Parnicka, Urszula and Makaruk, Beata},
  journal={Journal of Aging and Physical Activity},
  volume={23},
  number={3},
  pages={333--338},
  year={2015},
  publisher={Human Kinetics, Inc.},
}
@article{makaruk2013-meta,
  title={Acute effects of attentional focus on shot put performance in elite athletes},
  author={Makaruk, Hubert and Porter, Jared M and Makaruk, Beata},
  journal={Kinesiology},
  volume={45},
  number={1},
  pages={55--62},
  year={2013},
  publisher={Kineziolo{\v{s}}ki fakultet},
}
@article{marchant2019-meta,
  title={Influence of visual illusion and attentional focusing instruction in motor performance},
  author={Marchant, David C and Carnegie, Evelyn and Wood, Greg and Ellison, Paul},
  journal={International Journal of Sport and Exercise Psychology},
  volume={17},
  number={6},
  pages={659--669},
  year={2019},
  publisher={Taylor \& Francis},
}
@article{marchant2009-meta,
  title={Novice motor skill performance and task experience is influenced by attentional focusing instructions and instruction preferences},
  author={Marchant, David C and Clough, Peter J and Crawshaw, Martin and Levy, Andrew},
  journal={International Journal of Sport and Exercise Psychology},
  volume={7},
  number={4},
  pages={488--502},
  year={2009},
  publisher={Taylor \& Francis},
}
@article{marchant2017-meta,
  title={Attentional focusing instructions influence quadriceps activity characteristics but not force production during isokinetic knee extensions},
  author={Marchant, David C and Greig, Matt},
  journal={Human Movement Science},
  volume={52},
  pages={67--73},
  year={2017},
  publisher={Elsevier},
}
@article{marchant2009b-meta,
  title={Attentional focusing instructions influence force production and muscular activity during isokinetic elbow flexions},
  author={Marchant, David C and Greig, Matt and Scott, Catherine},
  journal={The Journal of Strength \& Conditioning Research},
  volume={23},
  number={8},
  pages={2358--2366},
  year={2009},
  publisher={LWW},
}
@article{marchant2018-meta,
  title={The influence of external focus instruction characteristics on childrenâ€™s motor performance},
  author={Marchant, David C and Griffiths, Gillian and Partridge, Julie A and Belsley, Leah and Porter, Jared M},
  journal={Research Quarterly for Exercise and Sport},
  volume={89},
  number={4},
  pages={418--428},
  year={2018},
  publisher={Taylor \& Francis},
}
@article{maurer2013-meta,
  title={Influence of attentional focus on skilled motor performance: Performance decrement under unfamiliar focus conditions},
  author={Maurer, Heiko and Munzert, J{\"o}rn},
  journal={Human Movement Science},
  volume={32},
  number={4},
  pages={730--740},
  year={2013},
  publisher={Elsevier},
}
@article{mckay2012-meta,
  title={A distal external focus enhances novice dart throwing performance},
  author={McKay, Brad and Wulf, Gabriele},
  journal={International Journal of Sport and Exercise Psychology},
  volume={10},
  number={2},
  pages={149--156},
  year={2012},
  publisher={Taylor \& Francis},
}
@article{mcnevin2003-meta,
  title={Increasing the distance of an external focus of attention enhances learning},
  author={McNevin, Nancy H and Shea, Charles H and Wulf, Gabriele},
  journal={Psychological Research},
  volume={67},
  pages={22--29},
  year={2003},
  publisher={Springer},
}
@article{mcnevin2013-meta,
  title={Effects of attentional focus and age on suprapostural task performance and postural control},
  author={McNevin, Nancy and Weir, Patricia and Quinn, Tiffany},
  journal={Research Quarterly for Exercise and Sport},
  volume={84},
  number={1},
  pages={96--103},
  year={2013},
  publisher={Taylor \& Francis},
}
@article{mornell2019-meta,
  title={Adopting an external focus of attention enhances musical performance},
  author={Mornell, Adina and Wulf, Gabriele},
  journal={Journal of Research in Music Education},
  volume={66},
  number={4},
  pages={375--391},
  year={2019},
  publisher={Sage Publications Sage CA: Los Angeles, CA},
}
@article{mullen2012-meta,
  title={Attentional focus and performance anxiety: Effects on simulated race-driving performance and heart rate variability},
  author={Mullen, Richard and Faull, Andrea and Jones, Eleri S and Kingston, Kieran},
  journal={Frontiers in Psychology},
  volume={3},
  pages={426},
  year={2012},
  publisher={Frontiers Media SA},
}
@article{nadzalan2015-meta,
  title={The effects of focus attention instructions on strength training performances},
  author={Nadzalan, Ali Md and Lee, Jeffrey Low Fook and Mohamad, Nur Ikhwan},
  journal={International Journal of Humanities and Management Sciences},
  volume={3},
  number={6},
  pages={418--423},
  year={2015},
}
@article{neumann2013-meta,
  title={The effect of different attentional strategies on physiological and psychological states during running},
  author={Neumann, David L and Piercy, Amy},
  journal={Australian Psychologist},
  volume={48},
  number={5},
  pages={329--337},
  year={2013},
  publisher={Taylor \& Francis},
}
@article{oki2018-meta,
  title={External versus two different internal foci of attention in long-distance throwing},
  author={Oki, Yuta and Kokubu, Masahiro and Nakagomi, Shiro},
  journal={Perceptual and Motor Skills},
  volume={125},
  number={1},
  pages={177--189},
  year={2018},
  publisher={Sage Publications Sage CA: Los Angeles, CA},
}
@article{palmer2017-meta,
  title={The effect of attentional focus cues on object control performance in elementary children},
  author={Palmer, Kara K and Matsuyama, Abigail L and Irwin, J Megan and Porter, Jared M and Robinson, Leah E},
  journal={Physical Education and Sport Pedagogy},
  volume={22},
  number={6},
  pages={580--588},
  year={2017},
  publisher={Taylor \& Francis},
}
@article{parr2009-meta,
  title={End-point focus of attention: Learning the ``catch'' in rowing},
  author={Parr, Richard and Button, Chris and others},
  journal={International Journal of Sport Psychology},
  volume={40},
  number={4},
  pages={616},
  year={2009},
}
@article{pelleck2017-meta,
  title={Location versus task relevance: The impact of differing internal focus of attention instructions on motor performance},
  author={Pelleck, Valerie and Passmore, Steven R},
  journal={Acta Psychologica},
  volume={176},
  pages={23--31},
  year={2017},
  publisher={Elsevier},
}
@article{perkins2003-meta,
  title={Effects of focus of attention depend on golfers' skill},
  author={Perkins-Ceccato, Natalie and Passmore, Steve R and Lee, Timothy D},
  journal={Journal of Sports Sciences},
  volume={21},
  number={8},
  pages={593--600},
  year={2003},
  publisher={Taylor \& Francis},
}
@article{perreault2015-meta,
  title={External-focus feedback benefits free-throw learning in children},
  author={Perreault, Melanie E and French, Karen E},
  journal={Research Quarterly for Exercise and Sport},
  volume={86},
  number={4},
  pages={422--427},
  year={2015},
  publisher={Taylor \& Francis},
}
@article{polskaia2015-meta,
  title={Continuous cognitive task promotes greater postural stability than an internal or external focus of attention},
  author={Polskaia, Nadia and Richer, Natalie and Dionne, Eliane and Lajoie, Yves},
  journal={Gait \& Posture},
  volume={41},
  number={2},
  pages={454--458},
  year={2015},
  publisher={Elsevier},
}
@article{porter2011-meta,
  title={Directing attention externally improves continuous visuomotor skill performance in older adults who have undergone cancer chemotherapy.},
  author={Porter, Jared M and Anton, Philip M},
  year={2011},
  volume={59},
  number={2},
  pages={369--370},
  journal={Journal of the American Geriatrics Society},
  publisher={Wiley-Blackwell Publishing Ltd.},
}
@article{porter2013-meta,
  title={Instructing skilled athletes to focus their attention externally at greater distances enhances jumping performance},
  author={Porter, Jared M and Anton, Philip M and Wikoff, Nicole M and Ostrowski, Justin B},
  journal={The Journal of Strength \& Conditioning Research},
  volume={27},
  number={8},
  pages={2073--2078},
  year={2013},
  publisher={LWW},
}
@article{porter2012-meta,
  title={Increasing the distance of an external focus of attention enhances standing long jump performance},
  author={Porter, Jared M and Anton, Philip M and Wu, Will FW},
  journal={The Journal of Strength \& Conditioning Research},
  volume={26},
  number={9},
  pages={2389--2393},
  year={2012},
  publisher={LWW},
}
@article{porter2010-meta,
  title={Directing attention externally enhances agility performance: A qualitative and quantitative analysis of the efficacy of using verbal instructions to focus attention},
  author={Porter, Jared M and Nolan, Russell P and Ostrowski, Erik J and Wulf, Gabriele},
  journal={Frontiers in Psychology},
  volume={1},
  pages={216},
  year={2010},
  publisher={Frontiers Research Foundation},
}
@article{porter2013b-meta,
  title={Altering focus of attention influences elite athletes sprinting performance.},
  author={Porter, Jared M and Sims, Blake},
  journal={International Journal of Coaching Science},
  volume={7},
  number={2},
  pages={41--51},
  year={2013},
}
@article{porter2015-meta,
  title={Adopting an external focus of attention improves sprinting performance in low-skilled sprinters},
  author={Porter, Jared M and Wu, Will FW and Crossley, Richard M and Knopp, Seth W and Campbell, Olivia C},
  journal={The Journal of Strength \& Conditioning Research},
  volume={29},
  number={4},
  pages={947--953},
  year={2015},
  publisher={LWW},
}
@article{querfurth2016-meta,
  title={An internal focus leads to longer quiet eye durations in novice dart players},
  author={Querfurth, Sydney and Sch{\"u}cker, Linda and De Lussanet, Marc HE and Zentgraf, Karen},
  journal={Frontiers in Psychology},
  volume={7},
  pages={633},
  year={2016},
  publisher={Frontiers Media SA},
}
@article{raisbeck2019-meta,
  title={The effects of instructional cues on performance and mechanics during a gross motor movement},
  author={Raisbeck, Louisa D and Yamada, Masa},
  journal={Human Movement Science},
  volume={66},
  pages={149--156},
  year={2019},
  publisher={Elsevier},
}
@article{richer2017-meta,
  title={Continuous cognitive task promotes greater postural stability than an internal or external focus of attention in older adults},
  author={Richer, Natalie and Polskaia, Nadia and Lajoie, Yves},
  journal={Experimental Aging Research},
  volume={43},
  number={1},
  pages={21--33},
  year={2017},
  publisher={Taylor \& Francis},
}
@article{rossettini2017-meta,
  title={The effect of different attentional focus instructions during finger movement tasks in healthy subjects: An exploratory study},
  author={Rossettini, Giacomo and Testa, Marco and Vicentini, Marco and Manganotti, Paolo and others},
  journal={BioMed Research International},
  volume={2017},
  year={2017},
  publisher={Hindawi},
}
@article{saemi2016-meta,
  title={The interaction of external/internal and relevant/irrelevant attentional focus on skilled performance: The mediation role of visual information},
  author={Saemi, Esmaeel and Abdoli, Behrouz and Farsi, Alireza and Sanjari, Mohammad A},
  journal={Medicina Dello Sport},
  volume={70},
  number={4},
  pages={419--429},
  year={2016},
}
@article{saemi2013-meta,
  title={Adopting an external focus of attention facilitates motor learning in children with attention deficit hyperactivity disorder},
  author={Saemi, Esmaeel and Porter, Jared and Wulf, Gabriele and Ghotbi-Varzaneh, Ahmad and Bakhtiari, Sabah},
  journal={Kinesiology},
  volume={45},
  number={2},
  pages={179--185},
  year={2013},
  publisher={Kineziolo{\v{s}}ki fakultet},
}
@article{samsudin2017-meta,
  title={The effects of different focus of attention on throwing skills among autistic spectrum disorder children},
  author={Samsudin, NA and Low, JFL},
  journal={Journal of Fundamental and Applied Sciences},
  volume={9},
  number={6S},
  pages={1312--1322},
  year={2017},
}
@article{schucker2013-meta,
  title={On the optimal focus of attention for efficient running at high intensity.},
  author={Sch{\"u}cker, Linda and Anheier, Wiebke and Hagemann, Norbert and Strauss, Bernd and V{\"o}lker, Klaus},
  journal={Sport, Exercise, and Performance Psychology},
  volume={2},
  number={3},
  pages={207},
  year={2013},
  publisher={Educational Publishing Foundation},
}
@article{schucker2016-meta,
  title={Focusing attention on circular pedaling reduces movement economy in cycling},
  author={Sch{\"u}cker, L and Fleddermann, M and de Lussanet, M and Elischer, J and B{\"o}hmer, C and Zentgraf, K},
  journal={Psychology of Sport and Exercise},
  volume={27},
  pages={9--17},
  year={2016},
  publisher={Elsevier},
}
@article{schucker2009-meta,
  title={The effect of attentional focus on running economy},
  author={Sch{\"u}cker, Linda and Hagemann, Norbert and Strauss, Bernd and V{\"o}lker, Klaus},
  journal={Journal of Sports Sciences},
  volume={27},
  number={12},
  pages={1241--1248},
  year={2009},
  publisher={Taylor \& Francis},
}
@article{schucker2015-meta,
  title={Don't think about your movements: Effects of attentional instructions on rowing performance},
  author={Sch{\"u}cker, Linda and Jedamski, Jan and Hagemann, Norbert and Vater, Hans},
  journal={International Journal of Sports Science \& Coaching},
  volume={10},
  number={5},
  pages={829--839},
  year={2015},
  publisher={SAGE Publications Sage UK: London, England},
}
@article{schucker2016b-meta,
  title={``Look around while running!'' Attentional focus effects in inexperienced runners},
  author={Sch{\"u}cker, Linda and Schmeing, Lena and Hagemann, Norbert},
  journal={Psychology of Sport and Exercise},
  volume={27},
  pages={205--212},
  year={2016},
  publisher={Elsevier},
}
@article{schutts2017-meta,
  title={Does focus of attention improve snatch lift kinematics?},
  author={Schutts, Kyle S and Wu, Will FW and Vidal, Anthony D and Hiegel, Jamie and Becker, James},
  journal={The Journal of Strength \& Conditioning Research},
  volume={31},
  number={10},
  pages={2758--2764},
  year={2017},
  publisher={LWW},
}
@article{shafizadeh2013-meta,
  title={Effects of focus of attention and type of practice on learning and self-efficacy in dart throwing},
  author={Shafizadeh, Mohsen and Platt, Geoffrey K and Bahram, Abbas},
  journal={Perceptual and Motor Skills},
  volume={117},
  number={1},
  pages={182--192},
  year={2013},
  publisher={SAGE Publications Sage CA: Los Angeles, CA},
}
@article{shafizadeh2013b-meta,
  title={Effects of different focus of attention rehabilitative training on gait performance in Multiple Sclerosis patients},
  author={Shafizadeh, Mohsen and Platt, Geoffrey K and Mohammadi, Baharak},
  journal={Journal of Bodywork and Movement Therapies},
  volume={17},
  number={1},
  pages={28--34},
  year={2013},
  publisher={Elsevier},
}
@article{shea1999-meta,
  title={Enhancing motor learning through external-focus instructions and feedback},
  author={Shea, Charles H and Wulf, Gabriele},
  journal={Human Movement Science},
  volume={18},
  number={4},
  pages={553--571},
  year={1999},
  publisher={Elsevier},
}
@article{sherwood2014-meta,
  title={Judging joint angles and movement outcome: Shifting the focus of attention in dart-throwing.},
  author={Sherwood, David E and Lohse, Keith R and Healy, Alice F},
  journal={Journal of Experimental Psychology: Human Perception and Performance},
  volume={40},
  number={5},
  pages={1903},
  year={2014},
  publisher={American Psychological Association},
}
@article{stambaugh2017-meta,
  title={Effects of internal and external focus of attention on woodwind performance.},
  author={Stambaugh, Laura A},
  journal={Psychomusicology: Music, Mind, and Brain},
  volume={27},
  number={1},
  pages={45},
  year={2017},
  publisher={Educational Publishing Foundation},
}
@article{stoate2011-meta,
  title={Does the attentional focus adopted by swimmers affect their performance?},
  author={Stoate, Isabelle and Wulf, Gabriele},
  journal={International Journal of Sports Science \& Coaching},
  volume={6},
  number={1},
  pages={99--108},
  year={2011},
  publisher={SAGE Publications Sage UK: London, England},
}
@article{tse2019-meta,
  title={Effects of attentional focus on motor learning in children with autism spectrum disorder},
  author={Tse, Andy CY},
  journal={Autism},
  volume={23},
  number={2},
  pages={405--412},
  year={2019},
  publisher={Sage Publications Sage UK: London, England},
}
@article{tse2017-meta,
  title={Children's conscious control propensity moderates the role of attentional focus in motor skill acquisition},
  author={Tse, Andy CY and van Ginneken, Wouter F},
  journal={Psychology of Sport and Exercise},
  volume={31},
  pages={35--39},
  year={2017},
  publisher={Elsevier},
}
@article{tsetseli2016-meta,
  title={The effect of internal and external focus of attention on game performance in tennis},
  author={Tsetseli, Marina and Zetou, Eleni and Vernadakis, Nikos and Michalopoulou, Maria and others},
  journal={Acta Gymnica},
  volume={46},
  number={4},
  pages={162--173},
  year={2016},
  publisher={Acta Gymnica},
}
@article{tsetseli2018-meta,
  title={The attentional focus impact on tennis skillsâ€™ technique in 10 and under years old players: Implications for real game situations},
  author={Tsetseli, Marina and Zetou, Eleni and Vernadakis, Nikolas and Mountaki, Fereniki},
  journal={Journal of Human Sport and Exercise},
  volume={13},
  number={2},
  pages={328--339},
  year={2018},
  publisher={Universidad de Alicante. {\'A}rea de Educaci{\'o}n F{\'\i}sica y Deporte},
}
@article{uehara2008-meta,
  title={The effects of focus of attention instructions on novices learning soccer chip},
  author={Uehara, Luiz Antonio and Button, Chris and Davids, Keith},
  journal={Brazilian Journal of Biomotricity},
  volume={2},
  number={1},
  pages={63--77},
  year={2008},
  publisher={Universidade Igua{\c{c}}u},
}
@article{vance2004-meta,
  title={EMG activity as a function of the performer's focus of attention},
  author={Vance, Jason and Wulf, Gabriele and T{\"o}llner, Thomas and McNevin, Nancy and Mercer, John},
  journal={Journal of Motor Behavior},
  volume={36},
  number={4},
  pages={450--459},
  year={2004},
  publisher={Heldref},
}
@article{welling2016-meta,
  title={Enhanced retention of drop vertical jump landing technique: A randomized controlled trial},
  author={Welling, Wouter and Benjaminse, Anne and Gokeler, Alli and Otten, Bert},
  journal={Human Movement Science},
  volume={45},
  pages={84--95},
  year={2016},
  publisher={Elsevier},
}
@article{winkelman2017-meta,
  title={Experience level influences the effect of attentional focus on sprint performance},
  author={Winkelman, Nicklaas C and Clark, Kenneth P and Ryan, Larry J},
  journal={Human Movement Science},
  volume={52},
  pages={84--95},
  year={2017},
  publisher={Elsevier},
}
@article{wu2012-meta,
  title={Effect of attentional focus strategies on peak force and performance in the standing long jump},
  author={Wu, Will FW and Porter, Jared M and Brown, Lee E},
  journal={The Journal of Strength \& Conditioning Research},
  volume={26},
  number={5},
  pages={1226--1231},
  year={2012},
  publisher={LWW},
}
@article{wulf2008-meta,
  title={Attentional focus effects in balance acrobats},
  author={Wulf, Gabriele},
  journal={Research Quarterly for Exercise and Sport},
  volume={79},
  number={3},
  pages={319--325},
  year={2008},
  publisher={Taylor \& Francis Group},
}
@article{wulf2010-meta,
  title={Frequent external-focus feedback enhances motor learning},
  author={Wulf, Gabriele and Chiviacowsky, Suzete and Schiller, Eduardo and {\'A}vila, Luciana Toaldo Gentilini},
  journal={Frontiers in Psychology},
  volume={1},
  pages={190},
  year={2010},
  publisher={Frontiers Research Foundation},
}
@article{wulf2009-meta,
  title={Increased jump height with an external focus due to enhanced lower extremity joint kinetics},
  author={Wulf, Gabriele and Dufek, Janet S},
  journal={Journal of Motor Behavior},
  volume={41},
  number={5},
  pages={401--409},
  year={2009},
  publisher={Taylor \& Francis},
}
@article{wulf2010b-meta,
  title={Increased jump height and reduced EMG activity with an external focus},
  author={Wulf, Gabriele and Dufek, Janet S and Lozano, Leonardo and Pettigrew, Christina},
  journal={Human Movement Science},
  volume={29},
  number={3},
  pages={440--448},
  year={2010},
  publisher={Elsevier},
}
@article{wulf1998-meta,
  title={Instructions for motor learning: Differential effects of internal versus external focus of attention},
  author={Wulf, Gabriele and HÃ¶ÃŸ, Markus and Prinz, Wolfgang},
  journal={Journal of Motor Behavior},
  volume={30},
  number={2},
  pages={169},
  year={1998},
  publisher={Taylor \& Francis Inc.},
}
@article{wulf2009b-meta,
  title={External focus instructions reduce postural instability in individuals with Parkinson disease},
  author={Wulf, Gabriele and Landers, Merrill and Lewthwaite, Rebecca and To{\"o}llner, Thomas},
  journal={Physical Therapy},
  volume={89},
  number={2},
  pages={162--168},
  year={2009},
  publisher={American Physical Therapy Association},
}
@article{wulf1999-meta,
  title={The Learning Advantages of an External Focus of Attention},
  author={Wulf, Gabriele and Lauterbach, Barbara and Toole, Tonya},
  journal={Research Quarterly for Exercise and Sport},
  volume={70},
  pages={2},
  year={1999},
}
@article{wulf2002-meta,
  title={Enhancing the learning of sport skills through external-focus feedback},
  author={Wulf, Gabriele and Mcconnel, Nathan and Gartner, Matthias and Schwarz, Andreas},
  journal={Journal of Motor Behavior},
  volume={34},
  number={2},
  pages={171--182},
  year={2002},
}
@article{wulf2001-meta,
  title={The automaticity of complex motor skill learning as a function of attentional focus},
  author={Wulf, Gabriele and McNevin, Nancy and Shea, Charles H},
  journal={The Quarterly Journal of Experimental Psychology Section A},
  volume={54},
  number={4},
  pages={1143--1154},
  year={2001},
  publisher={SAGE Publications Sage UK: London, England},
}
@article{wulf2007-meta,
  title={An external focus of attention enhances golf shot accuracy in beginners and experts},
  author={Wulf, Gabriele and Su, Jiang},
  journal={Research Quarterly for Exercise and Sport},
  volume={78},
  number={4},
  pages={384--389},
  year={2007},
  publisher={Taylor \& Francis Group},
}
@article{wulf2007b-meta,
  title={Attentional focus effects as a function of task difficulty},
  author={Wulf, Gabriele and Tollner, Thomas and Shea, Charles H},
  journal={Research Quarterly for Exercise and Sport},
  volume={78},
  number={3},
  pages={257},
  year={2007},
  publisher={Citeseer},
}
@article{wulf2003-meta,
  title={Attentional focus in motor skill learning: Do females benefit from an external focus?},
  author={Wulf, Gabriele and W{\"a}chter, Sebastian and Wortmann, Stefan},
  journal={Women in Sport and Physical Activity Journal},
  volume={12},
  number={1},
  pages={37--52},
  year={2003},
  publisher={Human Kinetics, Inc.},
}
@article{wulf2003b-meta,
  title={Attentional focus on suprapostural tasks affects balance learning},
  author={Wulf, Gabriele and Weigelt, Matthias and Poulter, Damian and McNevin, Nancy},
  journal={The Quarterly Journal of Experimental Psychology Section A},
  volume={56},
  number={7},
  pages={1191--1211},
  year={2003},
  publisher={SAGE Publications Sage UK: London, England},
}
@article{wulf2007c-meta,
  title={Increases in jump-and-reach height through an external focus of attention},
  author={Wulf, Gabriele and Zachry, Tiffany and Granados, Carolina and Dufek, Janet S},
  journal={International Journal of Sports Science \& Coaching},
  volume={2},
  number={3},
  pages={275--284},
  year={2007},
  publisher={SAGE Publications Sage UK: London, England},
}
@article{yogev2017-meta,
  title={The effect of external and internal focus of attention on gait variability in older adults},
  author={Yogev-Seligmann, Galit and Sprecher, Elliot and Kodesh, Einat},
  journal={Journal of Motor Behavior},
  volume={49},
  number={2},
  pages={179--184},
  year={2017},
  publisher={Taylor \& Francis},
}
@article{zachry2005-meta,
  title={Increased movement accuracy and reduced EMG activity as the result of adopting an external focus of attention},
  author={Zachry, Tiffany and Wulf, Gabriele and Mercer, John and Bezodis, Neil},
  journal={Brain Research Bulletin},
  volume={67},
  number={4},
  pages={304--309},
  year={2005},
  publisher={Elsevier},
}
@article{zarghami2012-meta,
  title={External focus of attention enhances discus throwing performance.},
  author={Zarghami, Mehdi and Saemi, Esmaeel and Fathi, Islam},
  journal={Kinesiology},
  volume={44},
  number={1},
  year={2012},
}
@article{zentgraf2009-meta,
  title={Effects of attentional-focus instructions on movement kinematics},
  author={Zentgraf, Karen and Munzert, J{\"o}rn},
  journal={Psychology of Sport and Exercise},
  volume={10},
  number={5},
  pages={520--525},
  year={2009},
  publisher={Elsevier},
}
@article{ziv2015-meta,
  title={Focusing attention instructions, accuracy, and quiet eye in a self-paced taskâ€”an exploratory study},
  author={Ziv, Gal and Lidor, Ronnie},
  journal={International Journal of Sport and Exercise Psychology},
  volume={13},
  number={2},
  pages={104--120},
  year={2015},
  publisher={Taylor \& Francis},
}
@article{ziv2013-meta,
  title={The effectiveness of attentional instructions on running economy at a submaximal velocity},
  author={Ziv, Gal and Rotstein, Arie and Lidor, Ronnie and Meckel, Yoav},
  journal={Kinesiology},
  volume={45},
  number={2},
  pages={147--153},
  year={2013},
  publisher={Kineziolo{\v{s}}ki fakultet},
}
