@Manual{R-base,
  title = {R: A Language and Environment for Statistical Computing},
  author = {{R Core Team}},
  organization = {R Foundation for Statistical Computing},
  address = {Vienna, Austria},
  year = {2023},
  url = {https://www.R-project.org/},
}
@Manual{R-renv,
  title = {renv: Project Environments},
  author = {Kevin Ushey},
  year = {2023},
  note = {R package version 0.17.2},
  url = {https://CRAN.R-project.org/package=renv},
}
@Manual{R-papaja,
  title = {{papaja}: {Prepare} reproducible {APA} journal articles with {R Markdown}},
  author = {Frederik Aust and Marius Barth},
  year = {2020},
  note = {R package version 0.1.1.9001},
  url = {https://github.com/crsh/papaja},
}
@Manual{R-tinylabels,
  title = {{tinylabels}: Lightweight Variable Labels},
  author = {Marius Barth},
  year = {2022},
  note = {R package version 0.2.3},
  url = {https://cran.r-project.org/package=tinylabels},
}
@Manual{R-compute.es,
  title = {compute.es: Compute Effect Sizes},
  author = {A. C. Del Re},
  journal = {R Package},
  year = {2013},
  url = {https://cran.r-project.org/package=compute.es},
}
@Manual{R-daff,
  title = {daff: Diff, Patch and Merge for Data.frames},
  author = {Paul Fitzpatrick and Edwin {de Jonge} and Gregory R. Warnes},
  year = {2019},
  note = {R package version 0.3.5},
  url = {https://CRAN.R-project.org/package=daff},
}
@Manual{R-extrafont,
  title = {extrafont: Tools for Using Fonts},
  author = {Winston Chang},
  year = {2023},
  note = {R package version 0.19},
  url = {https://CRAN.R-project.org/package=extrafont},
}
@Manual{R-faux,
  title = {faux: Simulation for Factorial Designs},
  author = {Lisa DeBruine},
  doi = {10.5281/zenodo.2669586},
  publisher = {Zenodo},
  year = {2023},
  note = {R package version 1.2.1},
  url = {https://debruine.github.io/faux/},
}
@Manual{R-ggdist,
  title = {{ggdist}: Visualizations of Distributions and Uncertainty},
  author = {Matthew Kay},
  year = {2023},
  note = {R package version 3.2.1},
  url = {https://mjskay.github.io/ggdist/},
  doi = {10.5281/zenodo.3879620},
}
@Book{R-ggplot2,
  author = {Hadley Wickham},
  title = {ggplot2: Elegant Graphics for Data Analysis},
  publisher = {Springer-Verlag New York},
  year = {2016},
  isbn = {978-3-319-24277-4},
  url = {https://ggplot2.tidyverse.org},
}
@Manual{R-gt,
  title = {gt: Easily Create Presentation-Ready Display Tables},
  author = {Richard Iannone and Joe Cheng and Barret Schloerke and Ellis Hughes and Alexandra Lauer and JooYoung Seo},
  year = {2023},
  note = {R package version 0.9.0},
  url = {https://CRAN.R-project.org/package=gt},
}
@Manual{R-kableExtra,
  title = {kableExtra: Construct Complex Table with 'kable' and Pipe Syntax},
  author = {Hao Zhu},
  year = {2021},
  note = {R package version 1.3.4},
  url = {https://CRAN.R-project.org/package=kableExtra},
}
@Manual{R-magick,
  title = {magick: Advanced Graphics and Image-Processing in R},
  author = {Jeroen Ooms},
  year = {2023},
  note = {R package version 2.7.4},
  url = {https://CRAN.R-project.org/package=magick},
}
@Article{R-metafor,
  title = {Conducting meta-analyses in {R} with the {metafor} package},
  author = {Wolfgang Viechtbauer},
  journal = {Journal of Statistical Software},
  year = {2010},
  volume = {36},
  number = {3},
  pages = {1--48},
  doi = {10.18637/jss.v036.i03},
}
@Manual{R-patchwork,
  title = {patchwork: The Composer of Plots},
  author = {Thomas Lin Pedersen},
  year = {2022},
  note = {R package version 1.1.2},
  url = {https://CRAN.R-project.org/package=patchwork},
}
@Book{R-plotly,
  author = {Carson Sievert},
  title = {Interactive Web-Based Data Visualization with R, plotly, and shiny},
  publisher = {Chapman and Hall/CRC},
  year = {2020},
  isbn = {9781138331457},
  url = {https://plotly-r.com},
}
@Manual{R-PublicationBias,
  title = {PublicationBias: Sensitivity Analysis for Publication Bias in Meta-Analyses},
  author = {Mika Braginsky and Maya Mathur and Tyler J. VanderWeele},
  year = {2023},
  note = {R package version 2.3.0},
  url = {https://CRAN.R-project.org/package=PublicationBias},
}
@Misc{R-RoBMA,
  title = {RoBMA: An R Package for Robust Bayesian Meta-Analyses},
  author = {František Bartoš and Maximilian Maier},
  year = {2020},
  note = {R package version 2.3.2},
  url = {https://CRAN.R-project.org/package=RoBMA},
}
@Article{R-stringi,
  title = {{stringi}: {F}ast and portable character string processing in {R}},
  author = {Marek Gagolewski},
  journal = {Journal of Statistical Software},
  year = {2022},
  volume = {103},
  number = {2},
  pages = {1--59},
  doi = {10.18637/jss.v103.i02},
}
@Article{R-tidyverse,
  title = {Welcome to the {tidyverse}},
  author = {Hadley Wickham and Mara Averick and Jennifer Bryan and Winston Chang and Lucy D'Agostino McGowan and Romain François and Garrett Grolemund and Alex Hayes and Lionel Henry and Jim Hester and Max Kuhn and Thomas Lin Pedersen and Evan Miller and Stephan Milton Bache and Kirill Müller and Jeroen Ooms and David Robinson and Dana Paige Seidel and Vitalie Spinu and Kohske Takahashi and Davis Vaughan and Claus Wilke and Kara Woo and Hiroaki Yutani},
  year = {2019},
  journal = {Journal of Open Source Software},
  volume = {4},
  number = {43},
  pages = {1686},
  doi = {10.21105/joss.01686},
}
