@online{aert2018,
  title = {Correcting for {{Publication Bias}} in a {{Meta-Analysis}} with the {{P-uniform}}* {{Method}}},
  author = {family=Aert, given=Robbie C. M., prefix=van, useprefix=false and family=Assen, given=Marcel A. L. M., prefix=van, useprefix=false},
  date = {2018-10-02T07:32:08},
  eprinttype = {arxiv},
  doi = {10.31222/osf.io/zqjr9},
  url = {https://osf.io/preprints/metaarxiv/zqjr9/},
  urldate = {2023-04-03},
  langid = {american},
  pubstate = {preprint},
  keywords = {meta-analysis,Other Statistics and Probability,p-uniform,Physical Sciences and Mathematics,Psychology,publication bias,Quantitative Psychology,selection model approach,Social and Behavioral Sciences,Statistics and Probability}
}

@article{bacelar2022b,
  title = {Meta-Analyzing Enhanced Expectancies on Motor Learning: Positive Effects but Methodological Concerns},
  shorttitle = {Meta-Analyzing Enhanced Expectancies on Motor Learning},
  author = {Bacelar, Mariane F. B. and Parma, Juliana O. and Murrah, William M. and Miller, Matthew W.},
  date = {2022-02-22},
  journaltitle = {International Review of Sport and Exercise Psychology},
  volume = {0},
  number = {0},
  pages = {1--30},
  publisher = {{Routledge}},
  issn = {1750-984X},
  doi = {10.1080/1750984X.2022.2042839},
  url = {https://doi.org/10.1080/1750984X.2022.2042839},
  urldate = {2023-04-03},
  keywords = {meta-analysis,motivation,motor skill,OPTIMAL theory,self-efficacy}
}

@article{bartos2023,
  title = {Robust {{Bayesian}} Meta-Analysis: {{Model-averaging}} across Complementary Publication Bias Adjustment Methods},
  shorttitle = {Robust {{Bayesian}} Meta-Analysis},
  author = {Bartoš, František and Maier, Maximilian and Wagenmakers, Eric-Jan and Doucouliagos, Hristos and Stanley, T. D.},
  date = {2023},
  journaltitle = {Research Synthesis Methods},
  volume = {14},
  number = {1},
  pages = {99--116},
  issn = {1759-2887},
  doi = {10.1002/jrsm.1594},
  url = {https://onlinelibrary.wiley.com/doi/abs/10.1002/jrsm.1594},
  urldate = {2023-04-03},
  langid = {english},
  keywords = {Bayesian model-averaging,meta-analysis,PET-PEESE,publication bias,selection models}
}

@article{bishop2019,
  title = {Rein in the Four Horsemen of Irreproducibility},
  author = {Bishop, Dorothy},
  date = {2019-04-24},
  journaltitle = {Nature},
  volume = {568},
  number = {7753},
  pages = {435--435},
  publisher = {{Nature Publishing Group}},
  doi = {10.1038/d41586-019-01307-2},
  url = {https://www.nature.com/articles/d41586-019-01307-2},
  urldate = {2023-01-24},
  issue = {7753},
  langid = {english},
  keywords = {Publishing,Research management},
  annotation = {Bandiera\_abtest: a Cg\_type: World View Subject\_term: Research management, Publishing}
}

@article{caldwell2020,
  title = {Moving {{Sport}} and {{Exercise Science Forward}}: {{A Call}} for the {{Adoption}} of {{More Transparent Research Practices}}},
  shorttitle = {Moving {{Sport}} and {{Exercise Science Forward}}},
  author = {Caldwell, Aaron R. and Vigotsky, Andrew D. and Tenan, Matthew S. and Radel, Rémi and Mellor, David T. and Kreutzer, Andreas and Lahart, Ian M. and Mills, John P. and Boisgontier, Matthieu P. and Boardley, Ian and Bouza, Brooke and Cheval, Boris and Chow, Zad Rafi and Contreras, Bret and Dieter, Brad and Halperin, Israel and Haun, Cody and Knudson, Duane and Lahti, Johan and Miller, Matthew and Morin, Jean-Benoit and Naughton, Mitchell and Neva, Jason and Nuckols, Greg and Peters, Sue and Roberts, Brandon and Rosa-Caldwell, Megan and Schmidt, Julia and Schoenfeld, Brad J. and Severin, Richard and Skarabot, Jakob and Steele, James and Twomey, Rosie and Zenko, Zachary and Lohse, Keith R. and Nunan, David and {Consortium for Transparency in Exercise Science (COTES) Collaborators}},
  date = {2020-03-01},
  journaltitle = {Sports Medicine},
  shortjournal = {Sports Med},
  volume = {50},
  number = {3},
  pages = {449--459},
  issn = {1179-2035},
  doi = {10.1007/s40279-019-01227-1},
  url = {https://doi.org/10.1007/s40279-019-01227-1},
  urldate = {2023-04-03},
  langid = {english}
}

@article{carter2015,
  title = {A Series of Meta-Analytic Tests of the Depletion Effect: {{Self-control}} Does Not Seem to Rely on a Limited Resource},
  shorttitle = {A Series of Meta-Analytic Tests of the Depletion Effect},
  author = {Carter, Evan C. and Kofler, Lilly M. and Forster, Daniel E. and McCullough, Michael E.},
  date = {2015-08},
  journaltitle = {Journal of Experimental Psychology: General},
  volume = {144},
  number = {4},
  pages = {796--815},
  publisher = {{American Psychological Association}},
  location = {{Washington, US}},
  issn = {0096-3445},
  doi = {10.1037/xge0000083},
  url = {https://www.proquest.com/docview/1689317252/abstract/8794EB150164ACEPQ/1},
  urldate = {2023-01-24},
  langid = {english},
  pagetotal = {796-815},
  keywords = {Ego (major),Failure (major),Self-Control (major),Self-Regulation (major)}
}

@article{carter2019,
  title = {Correcting for {{Bias}} in {{Psychology}}: {{A Comparison}} of {{Meta-Analytic Methods}}},
  shorttitle = {Correcting for {{Bias}} in {{Psychology}}},
  author = {Carter, Evan C. and Schönbrodt, Felix D. and Gervais, Will M. and Hilgard, Joseph},
  date = {2019-06-01},
  journaltitle = {Advances in Methods and Practices in Psychological Science},
  shortjournal = {Advances in Methods and Practices in Psychological Science},
  volume = {2},
  number = {2},
  pages = {115--144},
  publisher = {{SAGE Publications Inc}},
  issn = {2515-2459},
  doi = {10.1177/2515245919847196},
  url = {https://doi.org/10.1177/2515245919847196},
  urldate = {2022-07-19},
  langid = {english},
  keywords = {bias correction,meta-analysis,open data,open materials,p-hacking,publication bias,questionable research practices}
}

@article{chua2021,
  title = {Superiority of External Attentional Focus for Motor Performance and Learning: {{Systematic}} Reviews and Meta-Analyses},
  shorttitle = {Superiority of External Attentional Focus for Motor Performance and Learning},
  author = {Chua, Lee-Kuen and Jimenez-Diaz, Judith and Lewthwaite, Rebecca and Kim, Taewon and Wulf, Gabriele},
  date = {2021},
  journaltitle = {Psychological Bulletin},
  volume = {147},
  pages = {618--645},
  publisher = {{American Psychological Association}},
  location = {{US}},
  issn = {1939-1455},
  doi = {10.1037/bul0000335},
  keywords = {Focused Attention,Motor Performance,Perceptual Motor Learning,Retention,Skill Learning,Transfer (Learning)}
}

@article{davids2003,
  title = {Acquiring Skill in Sport: {A} Constraints-Led Perspective},
  shorttitle = {Acquiring {{Skill}} in {{Sport}}},
  author = {Davids, K. and Araújo, D. and Shuttleworth, R. and Button, C.},
  date = {2003},
  journaltitle = {International Journal of Computer Science in Sport},
  urldate = {2023-04-03}
}

@article{fanelli2010,
  title = {Do {{Pressures}} to {{Publish Increase Scientists}}' {{Bias}}? {{An Empirical Support}} from {{US States Data}}},
  shorttitle = {Do {{Pressures}} to {{Publish Increase Scientists}}' {{Bias}}?},
  author = {Fanelli, Daniele},
  date = {2010-04-21},
  journaltitle = {PLOS ONE},
  shortjournal = {PLOS ONE},
  volume = {5},
  number = {4},
  pages = {e10271},
  publisher = {{Public Library of Science}},
  issn = {1932-6203},
  doi = {10.1371/journal.pone.0010271},
  url = {https://journals.plos.org/plosone/article?id=10.1371/journal.pone.0010271},
  urldate = {2022-07-19},
  langid = {english},
  keywords = {Behavioral neuroscience,Bibliometrics,Careers,Drug interactions,Scientific misconduct,Scientists,Toxicology,United States}
}

@article{grgic2021,
  title = {Acute and Long-Term Effects of Attentional Focus Strategies on Muscular Strength: {A} Meta-Analysis},
  shorttitle = {Acute and {{Long-Term Effects}} of {{Attentional Focus Strategies}} on {{Muscular Strength}}},
  author = {Grgic, Jozo and Mikulic, Ivan and Mikulic, Pavle},
  date = {2021-11},
  journaltitle = {Sports},
  volume = {9},
  number = {11},
  pages = {153},
  publisher = {{Multidisciplinary Digital Publishing Institute}},
  issn = {2075-4663},
  doi = {10.3390/sports9110153},
  url = {https://www.mdpi.com/2075-4663/9/11/153},
  urldate = {2023-04-03},
  issue = {11},
  langid = {english},
  keywords = {attention,data analysis,muscle strength,resistance training}
}

@article{grgic2022,
  title = {Effects of Attentional Focus on Muscular Endurance: {A} Meta-Analysis},
  shorttitle = {Effects of {{Attentional Focus}} on {{Muscular Endurance}}},
  author = {Grgic, Jozo and Mikulic, Pavle},
  date = {2022-01},
  journaltitle = {International Journal of Environmental Research and Public Health},
  volume = {19},
  number = {1},
  pages = {89},
  publisher = {{Multidisciplinary Digital Publishing Institute}},
  issn = {1660-4601},
  doi = {10.3390/ijerph19010089},
  url = {https://www.mdpi.com/1660-4601/19/1/89},
  urldate = {2023-04-03},
  issue = {1},
  langid = {english},
  keywords = {motor learning,resistance training,strength endurance}
}

@article{hommel2001,
  title = {The {{Theory}} of {{Event Coding}} ({{TEC}}): {{A}} Framework for Perception and Action Planning},
  shorttitle = {The {{Theory}} of {{Event Coding}} ({{TEC}})},
  author = {Hommel, Bernhard and Müsseler, Jochen and Aschersleben, Gisa and Prinz, Wolfgang},
  date = {2001-10},
  journaltitle = {Behavioral and Brain Sciences},
  volume = {24},
  number = {5},
  pages = {849--878},
  publisher = {{Cambridge University Press}},
  issn = {1469-1825, 0140-525X},
  doi = {10.1017/S0140525X01000103},
  url = {https://www.cambridge.org/core/journals/behavioral-and-brain-sciences/article/theory-of-event-coding-tec-a-framework-for-perception-and-action-planning/8ED5183AD786D5284DD75B8EA073CEE7},
  urldate = {2023-04-03},
  langid = {english},
  keywords = {action planning,binding,common coding,event coding,feature integration,perception,perception-action interface}
}

@article{hussien2023,
  title = {The Path to Translating Focus of Attention Research Into {Canadian} Physiotherapy, {{Part}} 1: {{Physiotherapists}}’ Self-Reported Focus of Attention Use Via a Study-Specific Questionnaire},
  shorttitle = {The {{Path}} to {{Translating Focus}} of {{Attention Research Into Canadian Physiotherapy}}, {{Part}} 1},
  author = {Hussien, Julia and Ste-Marie, Diane M.},
  date = {2023-01-28},
  journaltitle = {Journal of Motor Learning and Development},
  volume = {11},
  number = {1},
  pages = {86--99},
  publisher = {{Human Kinetics}},
  issn = {2325-3193, 2325-3215},
  doi = {10.1123/jmld.2022-0052},
  url = {https://journals.humankinetics.com/view/journals/jmld/11/1/article-p86.xml},
  urldate = {2023-04-03},
  langid = {english}
}

@article{hussien2023a,
  title = {The Path to Translating Focus of Attention Research Into {Canadian} Physiotherapy, {{Part}} 2: {{Physiotherapist}} interviews reveal impacting factors and barriers to focus of attention use},
  shorttitle = {The {{Path}} to {{Translating Focus}} of {{Attention Research Into Canadian Physiotherapy}}, {{Part}} 2},
  author = {Hussien, Julia and Gignac, Lauren and Shearer, Lauren and Ste-Marie, Diane M.},
  journaltitle = {Journal of Motor Learning and Development},
  volume={1},
  number={aop},
  pages={1--21},
  year={2023},
  publisher={Human Kinetics},
  doi = {10.1123/jmld.2022-0053},
  langid = {english}
}

@article{hussien2023b,
  title = {The Path to Translating Focus of Attention Research Into {Canadian} Physiotherapy, {{Part}} 3: {{Designing}} a Workshop Through Consultation With Physiotherapists and Focus of Attention Researchers},
  shorttitle = {The {{Path}} to {{Translating Focus}} of {{Attention Research Into Canadian Physiotherapy}}, {{Part}} 3},
  author = {Hussien, Julia and Gignac, Lauren and Shearer, Lauren and Ste-Marie, Diane M.},
  journaltitle = {Journal of Motor Learning and Development},
  volume={1},
  number={aop},
  pages={1--16},
  year={2023},
  publisher={Human Kinetics},
  issn = {2325-3193, 2325-3215},
  doi = {10.1123/jmld.2022-0067},
  langid = {english}
}

@article{iyengar1988,
  title = {Selection {{Models}} and the {{File Drawer Problem}}},
  author = {Iyengar, Satish and Greenhouse, Joel B.},
  date = {1988-02},
  journaltitle = {Statistical Science},
  volume = {3},
  number = {1},
  pages = {109--117},
  publisher = {{Institute of Mathematical Statistics}},
  issn = {0883-4237, 2168-8745},
  doi = {10.1214/ss/1177013012},
  url = {https://projecteuclid.org/journals/statistical-science/volume-3/issue-1/Selection-Models-and-the-File-Drawer-Problem/10.1214/ss/1177013012.full},
  urldate = {2023-04-03},
  keywords = {file drawer problem,maximum likelihood estimation,Meta-analysis,selection bias,weighted distributions}
}

@article{johnson2023,
  title = {Principles into Practice: {An} Observational Study of Physiotherapists Use of Motor Learning Principles in Stroke Rehabilitation},
  shorttitle = {Principles into {{Practice}}},
  author = {Johnson, Louise and Burridge, Jane and Ewings, Sean and Westcott, Ellie and Gayton, Marianne and Demain, Sara},
  date = {2023-03-01},
  journaltitle = {Physiotherapy},
  shortjournal = {Physiotherapy},
  volume = {118},
  pages = {20--30},
  issn = {0031-9406},
  doi = {10.1016/j.physio.2022.06.002},
  url = {https://www.sciencedirect.com/science/article/pii/S0031940622000700},
  urldate = {2023-04-03},
  langid = {english},
  keywords = {Coaching,Intensity,Motor Learning,Motor Performance,Rehabilitation,Stroke}
}

@article{kim2017,
  title = {The Effect of Attentional Focus in Balancing Tasks: {{A}} Systematic Review with Meta-Analysis},
  shorttitle = {The Effect of Attentional Focus in Balancing Tasks},
  author = {Kim, Taewon and Jimenez-Diaz, Judith and Chen, Jing},
  date = {2017-07-07},
  journaltitle = {Journal of Human Sport and Exercise},
  volume = {12},
  number = {2},
  pages = {463--479},
  publisher = {{Jose A. Perez-Turpin \& Juan M. Cortell-Tormo}},
  issn = {1988-5202},
  doi = {10.14198/jhse.2017.122.22},
  url = {https://www.jhse.ua.es/article/view/2017-v12-n2-attentional-focus-balancing-tasks-systematic-review-},
  urldate = {2023-04-03},
  issue = {2},
  langid = {english},
  keywords = {Balance,biomechanics,Focus of attention,jhse,journal,Motor learning,nutrition,open access,physical activity and health,physiology,quality of life,recreations,sport and exercise sciences,sports history,sports medicine,sports performance,Stability,Systematic review}
}

@online{kompf2015,
  title = {Research Shows the Best Way to Cue a Client},
  author = {Kompf, Justin},
  date = {2015-06-08T23:02:21+00:00},
  url = {https://www.theptdc.com/articles/why-external-focus-of-attention-maximizes-motor-performance-and-learning},
  urldate = {2023-04-03},
  langid = {american},
  organization = {{The PTDC}}
}

@online{kuzdub2022,
  title = {External vs Internal Cues: {{Does}} It Make a Difference?},
  shorttitle = {External vs {{Internal Cues}}},
  author = {Kuzdub, Matt},
  date = {2022-04-14},
  url = {https://www.mattspoint.com/blog/difference-external-vs-internal-cues},
  urldate = {2023-04-03},
  langid = {american},
  organization = {{Mattspoint Tennis}}
}

@article{lee2021a,
  title = {Motor Learning: {{Reflections}} on the Past 40 Years of Research},
  shorttitle = {Motor {{Learning}}},
  author = {Lee, Timothy D. and Carnahan, Heather},
  date = {2021-06-20},
  journaltitle = {Kinesiology Review},
  volume = {10},
  number = {3},
  pages = {274--282},
  publisher = {{Human Kinetics}},
  issn = {2161-6035, 2163-0453},
  doi = {10.1123/kr.2021-0018},
  url = {https://journals.humankinetics.com/view/journals/krj/10/3/article-p274.xml},
  urldate = {2023-04-03},
  langid = {english}
}

@article{lee2022,
  title = {Direction of Attentional Focus in Prosthetic Training: {{Current}} Practice and Potential for Improving Motor Learning in Individuals with Lower Limb Loss},
  shorttitle = {Direction of Attentional Focus in Prosthetic Training},
  author = {Lee, Szu-Ping and Bonczyk, Alexander and Dimapilis, Maria Katrina and Partridge, Sarah and Ruiz, Samantha and Chien, Lung-Chang and Sawers, Andrew},
  date = {2022-07-07},
  journaltitle = {PLOS ONE},
  shortjournal = {PLOS ONE},
  volume = {17},
  number = {7},
  pages = {e0262977},
  publisher = {{Public Library of Science}},
  issn = {1932-6203},
  doi = {10.1371/journal.pone.0262977},
  url = {https://journals.plos.org/plosone/article?id=10.1371/journal.pone.0262977},
  urldate = {2023-04-03},
  langid = {english},
  keywords = {Body limbs,Diabetes mellitus,Gait rehabilitation,Human learning,Knees,Prosthetics,Surgical amputation,Walking}
}

@article{li2022,
  title = {Effect of Attentional Focus on Sprint Performance: {A} Meta-Analysis},
  shorttitle = {Effect of {{Attentional Focus}} on {{Sprint Performance}}},
  author = {Li, Danyang and Zhang, Liwei and Yue, Xin and Memmert, Daniel and Zhang, Yeqin},
  date = {2022-01},
  journaltitle = {International Journal of Environmental Research and Public Health},
  volume = {19},
  number = {10},
  pages = {6254},
  publisher = {{Multidisciplinary Digital Publishing Institute}},
  issn = {1660-4601},
  doi = {10.3390/ijerph19106254},
  url = {https://www.mdpi.com/1660-4601/19/10/6254},
  urldate = {2023-04-03},
  issue = {10},
  langid = {english},
  keywords = {external focus,internal focus,meta-analysis,qualitative interaction,sprint performance}
}

@online{lo2019,
  title = {Are Your Cues Holding Your Clients Back?},
  author = {Lo, Antony},
  date = {2019-01-16T11:52:00+00:00},
  url = {https://physiodetective.com/are-your-cues-holding-your-clients-back/},
  urldate = {2023-04-03},
  langid = {american},
  organization = {{The Physio Detective}}
}

@article{lohse2016,
  title = {Underpowered and Overworked: {Problems} With Data Analysis in Motor Learning Studies},
  shorttitle = {Underpowered and {{Overworked}}},
  author = {Lohse, Keith R. and Buchanan, Taylor and Miller, Matthew},
  date = {2016-06-01},
  journaltitle = {Journal of Motor Learning and Development},
  volume = {4},
  number = {1},
  pages = {37--58},
  publisher = {{Human Kinetics, Inc.}},
  issn = {2325-3193, 2325-3215},
  doi = {10.1123/jmld.2015-0010},
  url = {https://journals.humankinetics.com/view/journals/jmld/4/1/article-p37.xml},
  urldate = {2023-04-03},
  langid = {american}
}

@online{magne2017,
  title = {Language of Movement},
  author = {Magne, Gil and Edge, Robyn},
  date = {2017-12-07T20:50:44+00:00},
  url = {https://precisionmovement.ca/language-of-movement/},
  urldate = {2023-04-03},
  langid = {american},
  organization = {{Precision Movement \& Therapies- Downtown Winnipeg Physio, Chiropractic, Massage \& Athletic Therapy Clinic}}
}

@article{maier2022a,
  title = {No Evidence for Nudging after Adjusting for Publication Bias},
  author = {Maier, Maximilian and Bartoš, František and Stanley, T. D. and Shanks, David R. and Harris, Adam J. L. and Wagenmakers, Eric-Jan},
  date = {2022-08-02},
  journaltitle = {Proceedings of the National Academy of Sciences},
  volume = {119},
  number = {31},
  pages = {e2200300119},
  publisher = {{Proceedings of the National Academy of Sciences}},
  doi = {10.1073/pnas.2200300119},
  url = {https://www.pnas.org/doi/10.1073/pnas.2200300119},
  urldate = {2023-04-03}
}

@article{makaruk2020,
  title = {Influence of Attentional Manipulation on Jumping Performance: {A} Systematic Review and Meta-Analysis},
  shorttitle = {Influence of {{Attentional Manipulation}} on {{Jumping Performance}}},
  author = {Makaruk, Hubert and Starzak, Marcin and Porter, Jared Marak},
  date = {2020-10-30},
  journaltitle = {Journal of Human Kinetics},
  volume = {75},
  number = {1},
  pages = {65--75},
  doi = {10.2478/hukin-2020-0037},
  url = {https://sciendo.com/article/10.2478/hukin-2020-0037},
  urldate = {2023-04-03},
  langid = {english}
}

@article{mathur2020,
  title = {Sensitivity Analysis for Publication Bias in Meta-Analyses},
  author = {Mathur, Maya B. and VanderWeele, Tyler J.},
  date = {2020},
  journaltitle = {Journal of the Royal Statistical Society: Series C (Applied Statistics)},
  volume = {69},
  number = {5},
  pages = {1091--1119},
  issn = {1467-9876},
  doi = {10.1111/rssc.12440},
  url = {http://onlinelibrary.wiley.com/doi/abs/10.1111/rssc.12440},
  urldate = {2022-07-19},
  langid = {english},
  keywords = {File drawer,Meta-analysis,Publication bias,Sensitivity analysis}
}

@article{mckay2022a,
  title = {Meta-Analysis of the Reduced Relative Feedback Frequency Effect on Motor Learning and Performance},
  author = {McKay, Brad and Hussien, Julia and Vinh, Mary-Anne and Mir-Orefice, Alexandre and Brooks, Hugh and Ste-Marie, Diane M.},
  date = {2022-07-01},
  journaltitle = {Psychology of Sport and Exercise},
  shortjournal = {Psychology of Sport and Exercise},
  volume = {61},
  pages = {102165},
  issn = {1469-0292},
  doi = {10.1016/j.psychsport.2022.102165},
  url = {https://www.sciencedirect.com/science/article/pii/S1469029222000334},
  urldate = {2023-02-21},
  langid = {english},
  keywords = {Feedback frequency,Guidance hypothesis,Knowledge of performance,Knowledge of results,Meta-analysis,Motor learning,Performance-learning distinction}
}

@article{mckay2022b,
  title = {Meta-Analytic Findings of the Self-Controlled Motor Learning Literature: {{Underpowered}}, Biased, and Lacking Evidential Value},
  shorttitle = {Meta-{{Analytic Findings}} of the {{Self-Controlled Motor Learning Literature}}},
  author = {McKay, Brad and Yantha, Zachary and Hussien, Julia and Carter, Michael and Ste-Marie, Diane},
  date = {2022-11-08},
  journaltitle = {Meta-Psychology},
  volume = {6},
  issn = {2003-2714},
  doi = {10.15626/MP.2021.2803},
  url = {https://open.lnu.se/index.php/metapsychology/article/view/2803},
  urldate = {2023-01-24},
  langid = {english},
  keywords = {Choice,Meta-Analysis,Motor Learning,OPTIMAL Theory,p-curve,Publication Bias,Retention}
}

@article{mckay2022c,
  title = {Low Prevalence of A Priori Power Analyses in Motor Behavior Research},
  author = {McKay, Brad and Corson, Abbey and Vinh, Mary-Anne and Jeyarajan, Gianna and Tandon, Chitrini and Brooks, Hugh and Hubley, Julie and Carter, Michael J.},
  date = {2022-12-26},
  journaltitle = {Journal of Motor Learning and Development},
  volume = {11},
  number = {1},
  pages = {15--28},
  publisher = {{Human Kinetics}},
  issn = {2325-3193, 2325-3215},
  doi = {10.1123/jmld.2022-0042},
  url = {https://journals.humankinetics.com/view/journals/jmld/11/1/article-p15.xml},
  urldate = {2023-04-03},
  langid = {english}
}

@article{mckay2023,
  title = {The Combination of Reporting Bias and Underpowered Study Designs Has Substantially Exaggerated the Motor Learning Benefits of Self-Controlled Practice and Enhanced Expectancies: A Meta-Analysis},
  shorttitle = {The Combination of Reporting Bias and Underpowered Study Designs Has Substantially Exaggerated the Motor Learning Benefits of Self-Controlled Practice and Enhanced Expectancies},
  author = {McKay, Brad and Bacelar, Mariane F. B. and Parma, Juliana O. and Miller, Matthew W. and Carter, Michael J.},
  year = {2023},
  month = may,
  journal = {International Review of Sport and Exercise Psychology},
  pages = {1--21},
  issn = {1750-984X, 1750-9858},
  doi = {10.1080/1750984X.2023.2207255},
  urldate = {2023-05-07},
  langid = {english}
}

@article{mcnevin2000,
  title = {Effects of Attentional Focus, Self-Control, and Dyad Training on Motor Learning: {{Implications}} for Physical Rehabilitation},
  shorttitle = {Effects of {{Attentional Focus}}, {{Self-Control}}, and {{Dyad Training}} on {{Motor Learning}}},
  author = {McNevin, Nancy H and Wulf, Gabriele and Carlson, Christine},
  date = {2000-04-01},
  journaltitle = {Physical Therapy},
  shortjournal = {Physical Therapy},
  volume = {80},
  number = {4},
  pages = {373--385},
  issn = {0031-9023},
  doi = {10.1093/ptj/80.4.373},
  url = {https://doi.org/10.1093/ptj/80.4.373},
  urldate = {2023-04-03}
}

@article{mcshane2016,
  title = {Adjusting for Publication Bias in Meta-Analysis: {An} Evaluation of Selection Methods and Some Cautionary Notes},
  shorttitle = {Adjusting for {{Publication Bias}} in {{Meta-Analysis}}},
  author = {McShane, Blakeley B. and Böckenholt, Ulf and Hansen, Karsten T.},
  date = {2016-09-01},
  journaltitle = {Perspectives on Psychological Science},
  shortjournal = {Perspect Psychol Sci},
  volume = {11},
  number = {5},
  pages = {730--749},
  publisher = {{SAGE Publications Inc}},
  issn = {1745-6916},
  doi = {10.1177/1745691616662243},
  url = {https://doi.org/10.1177/1745691616662243},
  urldate = {2022-07-19},
  langid = {english},
  keywords = {effect size,meta-analysis,p-curve,p-uniform,selection methods}
}

@article{mesquida2022,
  title = {Replication Concerns in Sports and Exercise Science: A Narrative Review of Selected Methodological Issues in the Field},
  shorttitle = {Replication Concerns in Sports and Exercise Science},
  author = {Mesquida, Cristian and Murphy, Jennifer and Lakens, Daniël and Warne, Joe},
  date = {2022-12-14},
  journaltitle = {Royal Society Open Science},
  volume = {9},
  number = {12},
  pages = {220946},
  publisher = {{Royal Society}},
  doi = {10.1098/rsos.220946},
  url = {https://royalsocietypublishing.org/doi/full/10.1098/rsos.220946},
  urldate = {2023-01-24},
  keywords = {hypothesis testing,Open Science practices,publication bias,questionable research practices,replicability,statistical power}
}

@online{neumann2017,
  title = {Say the Magic Words: {{Internal}} vs External Coaching Cues},
  shorttitle = {Say the {{Magic Words}}},
  author = {Neumann, Tim},
  year = {2017},
  url = {https://www.mytpi.com/articles/swing/say_the_magic_words_internal_vs_external_coaching_cues},
  urldate = {2023-04-03},
  langid = {english},
  organization = {{MyTPI}}
}

@article{nicklas2022,
  title = {A Meta-Analysis on Immediate Effects of Attentional Focus on Motor Tasks Performance},
  author = {Nicklas, André and Rein, Robert and Noël, Benjamin and Klatt, Stefanie},
  date = {2022-04-22},
  journaltitle = {International Review of Sport and Exercise Psychology},
  volume = {0},
  number = {0},
  pages = {1--36},
  publisher = {{Routledge}},
  issn = {1750-984X},
  doi = {10.1080/1750984X.2022.2062678},
  url = {https://doi.org/10.1080/1750984X.2022.2062678},
  urldate = {2023-04-03},
  keywords = {Attentional focus,external focus,immediate performance,instruction,internal focus}
}

@article{otte2022,
  title = {Analysis of 567,758 Randomized Controlled Trials Published over 30 Years Reveals Trends in Phrases Used to Discuss Results That Do Not Reach Statistical Significance},
  author = {Otte, Willem M. and Vinkers, Christiaan H. and Habets, Philippe C. and family=IJzendoorn, given=David G. P., prefix=van, useprefix=false and Tijdink, Joeri K.},
  date = {2022-02-18},
  journaltitle = {PLOS Biology},
  shortjournal = {PLOS Biology},
  volume = {20},
  number = {2},
  pages = {e3001562},
  publisher = {{Public Library of Science}},
  issn = {1545-7885},
  doi = {10.1371/journal.pbio.3001562},
  url = {https://journals.plos.org/plosbiology/article?id=10.1371/journal.pbio.3001562},
  urldate = {2023-04-03},
  langid = {english},
  keywords = {Clinical trials,Confidence intervals,Language,Linear regression analysis,Medical risk factors,Peer review,Quantitative analysis,Randomized controlled trials}
}

@article{page2021,
  title = {The {{PRISMA}} 2020 Statement: An Updated Guideline for Reporting Systematic Reviews},
  shorttitle = {The {{PRISMA}} 2020 Statement},
  author = {Page, Matthew J. and McKenzie, Joanne E. and Bossuyt, Patrick M. and Boutron, Isabelle and Hoffmann, Tammy C. and Mulrow, Cynthia D. and Shamseer, Larissa and Tetzlaff, Jennifer M. and Akl, Elie A. and Brennan, Sue E. and Chou, Roger and Glanville, Julie and Grimshaw, Jeremy M. and Hróbjartsson, Asbjørn and Lalu, Manoj M. and Li, Tianjing and Loder, Elizabeth W. and Mayo-Wilson, Evan and McDonald, Steve and McGuinness, Luke A. and Stewart, Lesley A. and Thomas, James and Tricco, Andrea C. and Welch, Vivian A. and Whiting, Penny and Moher, David},
  date = {2021-03-29},
  journaltitle = {BMJ},
  shortjournal = {BMJ},
  volume = {372},
  eprint = {33782057},
  eprinttype = {pmid},
  pages = {n71},
  publisher = {{British Medical Journal Publishing Group}},
  issn = {1756-1833},
  doi = {10.1136/bmj.n71},
  url = {https://www.bmj.com/content/372/bmj.n71},
  urldate = {2023-04-03},
  langid = {english}
}

@online{peterson2019,
  title = {Internal vs. External Focus for Baseball and Softball Hitters},
  author = {Peterson, Alexa},
  date = {2019-10-22T15:33:21+00:00},
  url = {https://thehittingvault.com/internal-external-focus/},
  urldate = {2023-04-03},
  langid = {american},
  organization = {{The Hitting Vault}}
}

@online{precision.movement.therapies2017,
  title = {Language of Movement},
  author = {{precision.movement.therapies}},
  date = {2017-12-07T20:50:44+00:00},
  url = {https://precisionmovement.ca/language-of-movement/},
  urldate = {2023-04-03},
  langid = {american},
  organization = {{Precision Movement \& Therapies- Downtown Winnipeg Physio, Chiropractic, Massage \& Athletic Therapy Clinic}}
}

@incollection{prinz1990,
  title = {A Common Coding Approach to Perception and Action},
  booktitle = {Relationships Between Perception and Action: {Current} Approaches},
  author = {Prinz, W.},
  editor = {Neumann, Odmar and Prinz, Wolfgang},
  date = {1990},
  pages = {167--201},
  publisher = {{Springer}},
  location = {{Berlin, Heidelberg}},
  doi = {10.1007/978-3-642-75348-0_7},
  url = {https://doi.org/10.1007/978-3-642-75348-0_7},
  urldate = {2023-04-03},
  isbn = {978-3-642-75348-0},
  langid = {english},
  keywords = {Choice Reaction Time,Compatibility Effect,Experimental Psychology,Speech Perception,Stimulus Event}
}

@article{ropovik2021,
  title = {Neglect of Publication Bias Compromises Meta-Analyses of Educational Research},
  author = {Ropovik, Ivan and Adamkovic, Matus and Greger, David},
  date = {2021-06-03},
  journaltitle = {PLOS ONE},
  shortjournal = {PLOS ONE},
  volume = {16},
  number = {6},
  pages = {e0252415},
  publisher = {{Public Library of Science}},
  issn = {1932-6203},
  doi = {10.1371/journal.pone.0252415},
  url = {https://journals.plos.org/plosone/article?id=10.1371/journal.pone.0252415},
  urldate = {2023-04-03},
  langid = {english},
  keywords = {Metaanalysis,Publication ethics,Research assessment,Research errors,Research reporting guidelines,Schools,Systematic reviews,Visual inspection}
}

@article{simonsohn2014,
  title = {P-Curve: {{A}} Key to the File-Drawer},
  shorttitle = {P-Curve},
  author = {Simonsohn, Uri and Nelson, Leif D. and Simmons, Joseph P.},
  date = {2014},
  journaltitle = {Journal of Experimental Psychology: General},
  volume = {143},
  pages = {534--547},
  publisher = {{American Psychological Association}},
  location = {{US}},
  issn = {1939-2222},
  doi = {10.1037/a0033242},
  keywords = {Hypothesis Testing,Psychology,Scientific Communication,Statistics}
}

@online{smale2021,
  title = {Coaching Cues: {{External}} vs Internal Focus of Attention},
  shorttitle = {Coaching {{Cues}}},
  author = {Smale, Kenneth},
  date = {2021-02-14},
  url = {https://apexskating.com/blogs/blog/coaching-cues-external-vs-internal-focus-of-attention},
  urldate = {2023-04-03},
  langid = {english},
  organization = {{Apex Skating}}
}

@article{twomey2021b,
  title = {The Nature of Our Literature: {A} Registered Report on the Positive Result Rate and Reporting Practices in Kinesiology},
  shorttitle = {The {{Nature}} of {{Our Literature}}},
  author = {Twomey, Rosie and Yingling, Vanessa and Warne, Joe and Schneider, Christoph and McCrum, Christopher and Atkins, Whitley and Murphy, Jennifer and Medina, Claudia Romero and Harlley, Sena and Caldwell, Aaron},
  date = {2021-12-02},
  journaltitle = {Communications in Kinesiology},
  volume = {1},
  number = {3},
  issn = {2767-0732},
  doi = {10.51224/cik.v1i3.43},
  url = {https://www.storkjournals.org/index.php/cik/article/view/43},
  urldate = {2023-04-03},
  issue = {3},
  langid = {english},
  keywords = {kinesiology,metaresearch,metascience,registered report,sport and exercise science}
}

@article{vevea1995,
  title = {A General Linear Model for Estimating Effect Size in the Presence of Publication Bias},
  author = {Vevea, Jack L. and Hedges, Larry V.},
  date = {1995-09-01},
  journaltitle = {Psychometrika},
  shortjournal = {Psychometrika},
  volume = {60},
  number = {3},
  pages = {419--435},
  issn = {1860-0980},
  doi = {10.1007/BF02294384},
  url = {https://doi.org/10.1007/BF02294384},
  urldate = {2023-04-03},
  langid = {english},
  keywords = {effect size,meta-analysis,mixed models,publication bias,research synthesis,selection models}
}

@article{vevea2005,
  title = {Publication Bias in Research Synthesis: {Sensitivity} Analysis Using A Priori Weight Functions},
  shorttitle = {Publication {{Bias}} in {{Research Synthesis}}},
  author = {Vevea, Jack L. and Woods, Carol M.},
  date = {2005-12},
  journaltitle = {Psychological Methods},
  volume = {10},
  number = {4},
  pages = {428--443},
  publisher = {{American Psychological Association}},
  location = {{Washington, US}},
  issn = {1082-989X},
  doi = {10.1037/1082-989X.10.4.428},
  url = {http://www.proquest.com/docview/614438059/abstract/DD141A5A612B436BPQ/1},
  urldate = {2022-07-19},
  langid = {english},
  pagetotal = {428-443},
  keywords = {Effect Size (Statistical) (major),Experimentation (major),Meta Analysis,Quantitative Methods,Scientific Communication (major)},
  annotation = {(US)}
}

@online{winkelman2015,
  title = {Sample External Cues},
  author = {Winkelman, Nick},
  date = {2015},
  year = {2015},
  url = {https://www.ideafit.com/personal-training/sample-external-cues/},
  urldate = {2023-04-03},
  langid = {american},
  organization = {{IDEA Health \& Fitness Association}}
}

@article{wulf2001,
  title = {Directing Attention to Movement Effects Enhances Learning: {{A}} Review},
  shorttitle = {Directing Attention to Movement Effects Enhances Learning},
  author = {Wulf, Gabriele and Prinz, Wolfgang},
  date = {2001-12-01},
  journaltitle = {Psychonomic Bulletin \& Review},
  shortjournal = {Psychonomic Bulletin \& Review},
  volume = {8},
  number = {4},
  pages = {648--660},
  issn = {1531-5320},
  doi = {10.3758/BF03196201},
  url = {https://doi.org/10.3758/BF03196201},
  urldate = {2023-04-03},
  langid = {english},
  keywords = {Attentional Focus,Motor Learning,Movement Effect,Remote Effect,Retention Test}
}

@book{wulf2007,
  title = {Attention and Motor Skill Learning},
  author = {Wulf, Gabriele},
  date = {2007},
  series = {Attention and Motor Skill Learning},
  publisher = {{Human Kinetics}},
  location = {{Champaign, IL, US}},
  isbn = {978-0-7360-6270-1},
  keywords = {Attention,Motor Skills,Perceptual Motor Learning}
}

@article{wulf2013,
  title = {Attentional Focus and Motor Learning: A Review of 15 Years},
  shorttitle = {Attentional Focus and Motor Learning},
  author = {Wulf, Gabriele},
  date = {2013-09-01},
  journaltitle = {International Review of Sport and Exercise Psychology},
  volume = {6},
  number = {1},
  pages = {77--104},
  publisher = {{Routledge}},
  issn = {1750-984X},
  doi = {10.1080/1750984X.2012.723728},
  url = {https://doi.org/10.1080/1750984X.2012.723728},
  urldate = {2023-04-03},
  keywords = {external focus,feedback,instructions,motor performance,movement effectiveness,movement efficiency}
}

@article{wulf2016,
  title = {Optimizing Performance through Intrinsic Motivation and Attention for Learning: {{The OPTIMAL}} Theory of Motor Learning},
  shorttitle = {Optimizing Performance through Intrinsic Motivation and Attention for Learning},
  author = {Wulf, Gabriele and Lewthwaite, Rebecca},
  date = {2016-10-01},
  journaltitle = {Psychonomic Bulletin \& Review},
  shortjournal = {Psychon Bull Rev},
  volume = {23},
  number = {5},
  pages = {1382--1414},
  issn = {1531-5320},
  doi = {10.3758/s13423-015-0999-9},
  url = {https://doi.org/10.3758/s13423-015-0999-9},
  urldate = {2022-07-19},
  langid = {english},
  keywords = {Attentional focus,Dopamine,Motivation,Motor performance,Positive affect,Self-efficacy}
}
@misc{rohatgi2022,
  url = {https://automeris.io/WebPlotDigitizer},
  author = {Rohatgi,  Ankit},
  title = {Webplotdigitizer: Version 4.6},
  year = {2022}
}

@incollection{stemarie2020,
  title = {Self-controlled learning: {Current} findings, theoretical perspectives, and future directions},
  author = {Ste-Marie, Diane M. and Carter, Michael J. and Yantha, Zachary D.},
  year = {2020},
  chapter = {7},
  doi = {10.4324/9781351189750-7},
  month = {11},
  date = {2020},
  publisher = {Routledge},
  booktitle = {Skill acquisition in sport: {Research}, theory, and practice},
  editor = {{Hodges}, {Nicola J.} and {Williams}, {A. Mark}},
  edition = {3}
}

@article{chambers2019,
  title={What’s next for {{Registered Reports}}?},
  author={Chambers, Chris},
  journal={Nature},
  volume={573},
  number={7773},
  pages={187--189},
  year={2019},
  publisher={Nature Publishing Group UK London}
}


@article{scheel2021,
  title={An excess of positive results: Comparing the standard Psychology literature with Registered Reports},
  author={Scheel, Anne M and Schijen, Mitchell RMJ and Lakens, Dani{\"e}l},
  journal={Advances in Methods and Practices in Psychological Science},
  volume={4},
  number={2},
  pages={25152459211007467},
  year={2021},
  publisher={Sage Publications Sage CA: Los Angeles, CA}
}

@article{simmons2011,
  title = {False-Positive Psychology: {{Undisclosed}} Flexibility in Data Collection and Analysis Allows Presenting Anything as Significant},
  shorttitle = {False-{{Positive Psychology}}},
  author = {Simmons, Joseph P. and Nelson, Leif D. and Simonsohn, Uri},
  year = {2011},
  month = nov,
  journal = {Psychological Science},
  volume = {22},
  number = {11},
  pages = {1359--1366},
  issn = {0956-7976, 1467-9280},
  doi = {10.1177/0956797611417632},
  urldate = {2022-07-04},
  langid = {english}
}

@article{kerr1998,
  title={HARKing: Hypothesizing after the results are known},
  author={Kerr, Norbert L},
  journal={Personality and Social Psychology Review},
  volume={2},
  number={3},
  pages={196--217},
  year={1998},
  publisher={Sage Publications Sage CA: Los Angeles, CA}
}

@article{appelbaum2018,
  title={Journal article reporting standards for quantitative research in psychology: The {APA} {Publications and Communications Board} task force report},
  author={Appelbaum, Mark and Cooper, Harris and Kline, Rex B and Mayo-Wilson, Evan and Nezu, Arthur M and Rao, Stephen M},
  journal={American Psychologist},
  volume={73},
  number={1},
  pages={3},
  year={2018},
  publisher={American Psychological Association}
}

@article{stanley2022,
  title={Beyond random effects: When small-study findings are more heterogeneous},
  author={Stanley, TD and Doucouliagos, Hristos and Ioannidis, John PA},
  journal={Advances in Methods and Practices in Psychological Science},
  volume={5},
  number={4},
  pages={25152459221120427},
  year={2022},
  publisher={SAGE Publications Sage CA: Los Angeles, CA}
}

@article{stanley2017,
  title={Finding the power to reduce publication bias},
  author={Stanley, TD and Doucouliagos, Hristos and Ioannidis, John PA},
  journal={Statistics in Medicine},
  volume={36},
  number={10},
  pages={1580--1598},
  year={2017},
  publisher={Wiley Online Library}
}

@article{bartos2023a,
  title={Meta-analyses in psychology often overestimate evidence for and size of effects},
  author={Bartoš, František and Maier, Maximilian and Shanks, David R and Stanley, TD and Sladekova, Martina and Wagenmakers, Eric-Jan},
  journal={Royal Society Open Science},
  volume={10},
  number={7},
  pages={230224},
  year={2023},
  publisher={The Royal Society}
}

@article{kvarven2020,
  title={Comparing meta-analyses and preregistered multiple-laboratory replication projects},
  author={Kvarven, Amanda and Str{\o}mland, Eirik and Johannesson, Magnus},
  journal={Nature Human Behaviour},
  volume={4},
  number={4},
  pages={423--434},
  year={2020},
  publisher={Nature Publishing Group UK London}
}

@article{bom2019,
  title={A kinked meta-regression model for publication bias correction},
  author={Bom, Pedro RD and Rachinger, Heiko},
  journal={Research Synthesis Methods},
  volume={10},
  number={4},
  pages={497--514},
  year={2019},
  publisher={Wiley Online Library}
}

@article{collins2016,
  title={Letter to the editor concerning the article ``Performance of gymnastics skill benefits from an external focus of attention'' by Abdollahipour, Wulf, Psotta \& Nieto (2015)},
  author={Collins, Dave and Carson, Howie J and Toner, John},
  journal={Journal of Sports Sciences},
  volume={34},
  number={13},
  pages={1288--1292},
  year={2016},
  publisher={Taylor \& Francis}
}

@article{brick2014,
  title={Attentional focus in endurance activity: new paradigms and future directions},
  author={Brick, Noel and MacIntyre, Tadhg and Campbell, Mark},
  journal={International Review of Sport and Exercise Psychology},
  volume={7},
  number={1},
  pages={106--134},
  year={2014},
  publisher={Taylor \& Francis}
}

@article{bernier2016,
  title={An investigation of attentional foci and their temporal patterns: A naturalistic study in expert figure skaters},
  author={Bernier, Marjorie and Trottier, Christiane and Thienot, Emilie and Fournier, Jean},
  journal={The Sport Psychologist},
  volume={30},
  number={3},
  pages={256--266},
  year={2016},
  publisher={Human Kinetics, Inc.}
}

@article{peh2011,
  title={Focus of attention and its impact on movement behaviour},
  author={Peh, Shawn Yi-Ching and Chow, Jia Yi and Davids, Keith},
  journal={Journal of Science and Medicine in Sport},
  volume={14},
  number={1},
  pages={70--78},
  year={2011},
  publisher={Elsevier}
}

@article{canning2005,
  title={The effect of directing attention during walking under dual-task conditions in Parkinson's disease},
  author={Canning, Colleen G},
  journal={Parkinsonism \& Related Disorders},
  volume={11},
  number={2},
  pages={95--99},
  year={2005},
  publisher={Elsevier}
}

@article{schorer2012,
  title={Influence of varying focus of attention conditions on dart throwing performance in experts and novices},
  author={Schorer, J and Jaitner, T and Wollny, R and Fath, F and Baker, J},
  journal={Experimental Brain Research},
  volume={217},
  pages={287--297},
  year={2012},
  publisher={Springer}
}

@article{viechtbauer2010a,
  title={Outlier and influence diagnostics for meta-analysis},
  author={Viechtbauer, Wolfgang and Cheung, Mike W-L},
  journal={Research Synthesis Methods},
  volume={1},
  number={2},
  pages={112--125},
  year={2010},
  publisher={Wiley Online Library}
}

@incollection{deeks2023,
  title = {Analysing data and undertaking meta-analyses},
  author = {Deeks, Jonathan J and Higgins, Julian PT and Altman, Douglas G and on behalf of the Cochrane Statistical Methods Group},
  year = {2023},
  chapter = {10},
  publisher = {Wiley Online Library},
  booktitle = {Cochrane Handbook for Systematic Reviews of Interventions},
  editor = {{Higgins}, {J.P.T.} and {Thomas}, {J.} and {Chandler}, {J.} and {Cumpston}, {M.} and {Li}, {T.} and {Page}, {M.J.} and {Welch}, {V.A.}},
  edition = {Version 6.4}
}

@article{gottwald2023,
  title={Every story has two sides: {Evaluating} information processing and ecological dynamics perspectives of focus of attention in skill acquisition},
  author={Gottwald, Victoria and Davies, Marianne and Owen, Robin},
  journal={Frontiers in Sports and Active Living},
  volume={5},
  pages={167},
  year={2023},
  publisher={Frontiers}
}

@misc{mckay-carter2024,
  title={Reporting bias, not external focus: A robust Bayesian meta-analysis and systematic review of the attentional focus literature},
  url={https://osf.io/vfmx2},
  publisher={OSF},
  author={McKay, Brad and Carter, Michael J.},
  year={2024},
  month={Mar}
}

@article{mckay-carter2023,
  title={A critical re-analysis of six implicit learning papers},
  author={McKay, Brad and Carter, Michael},
  journal={Meta-Psychology},
  volume={7},
  year={2023},
  doi = {10.15626/MP.2021.2938},
  url = {https://conferences.lnu.se/index.php/metapsychology/article/view/2938},
}
